% This file was created with JabRef 2.6.
% Encoding: UTF-8

@TECHREPORT{adams07bayesian,
  author = {Ryan Prescott Adams and David J.C. MacKay},
  title = {Bayesian Online Changepoint Detection},
  institution = {University of Cambridge},
  year = {2007},
  address = {Cambridge, UK},
  file = {adams07bayesian.pdf:adams07bayesian.pdf:PDF},
  owner = {jmaye},
  timestamp = {2010.09.13}
}

@INPROCEEDINGS{agamennoni10robust,
  author = {Gabriel Agamennoni and Juan I. Nieto and Eduardo M. Nebot},
  title = {Robust and Accurate Road Map Inference},
  booktitle = {Proc. of The IEEE International Conference on Robotics and Automation
	(ICRA)},
  year = {2010},
  month = {May},
  file = {agamennoni10robust.pdf:agamennoni10robust.pdf:PDF},
  owner = {jmaye},
  pdf = {agamennoni10robust.pdf},
  timestamp = {2010.03.09}
}

@ARTICLE{agarwal10geometric,
  author = {Arvind Agarwal and Hal Daume},
  title = {A geometric view of conjugate priors},
  journal = {Machine Learning},
  year = {2010},
  volume = {81},
  pages = {99-113},
  file = {agarwal10geometric.pdf:agarwal10geometric.pdf:PDF},
  owner = {jmaye},
  timestamp = {2011.01.04}
}

@INPROCEEDINGS{aksoy10categorizing,
  author = {Eren Erdal Aksoy and Alexey Abramov and Florentin Worgotter and Babette
	Dellen},
  title = {Categorizing Object-Action Relations from Semantic Scene Graphs},
  booktitle = {Proc. of The IEEE International Conference on Robotics and Automation
	(ICRA)},
  year = {2010},
  month = {May},
  file = {aksoy10categorizing.pdf:aksoy10categorizing.pdf:PDF},
  owner = {jmaye},
  timestamp = {2010.03.09}
}

@INPROCEEDINGS{alexe10what,
  author = {Bogdan Alexe and Thomas Deselaers and Vittorio Ferrari},
  title = {What is an object ?},
  booktitle = {Proc. of the 23nd IEEE Conference on Computer Vision and Pattern
	Recognition (CVPR)},
  year = {2010},
  file = {alexe10what.pdf:alexe10what.pdf:PDF},
  owner = {jmaye},
  timestamp = {2010.08.04}
}

@ARTICLE{ali10human,
  author = {Saad Ali and Mubarak Shah},
  title = {Human Action Recognition in Videos Using Kinematic Features and Multiple
	Instance Learning},
  journal = {IEEE Transactions on Pattern Analysis and Machine Intelligence (PAMI)},
  year = {2010},
  number = {2},
  month = {February},
  volume = {32},
  pages = {288-303},
  file = {ali10human.pdf:ali10human.pdf:PDF},
  owner = {jmaye},
  pdf = {ali10human.pdf},
  timestamp = {2010.03.11}
}

@INPROCEEDINGS{amlacher09geo,
  author = {Katrin Amlacher and Gerald Fritz and Patrick Luley and Alexander
	Almer and Lucas Paletta},
  title = {Geo-Contextual Priors for Attentive Urban Object Recognition},
  booktitle = {Proc. of the IEEE International Conference on Robotics and Automation
	(ICRA)},
  year = {2009},
  file = {amlacher09geo.pdf:amlacher09geo.pdf:PDF},
  owner = {jmaye},
  pdf = {amlacher09geo.pdf},
  timestamp = {2010.01.06}
}

@INPROCEEDINGS{an08hierarchical,
  author = {Qi An and Chunping Wang and Ivo Shterev and Eric Wang and Lawrence
	Carin},
  title = {Hierarchical Kernel Stick-Breaking Process for Multi-Task Image Analysis},
  booktitle = {Proc. of the 25th International Conference on Machine Learning (ICML)},
  year = {2008},
  file = {an08hierarchical.pdf:an08hierarchical.pdf:PDF},
  owner = {jmaye},
  timestamp = {2011.01.04}
}

@INPROCEEDINGS{anati09constructing,
  author = {Roy Anati and Kostas Daniilidis},
  title = {Constructing Topological Maps using Markov Random Fields and Loop-Closure
	Detection},
  booktitle = {Proc. of the 23rd Annual Conference on Neural Information Processing
	Systems (NIPS)},
  year = {2009},
  file = {anati09constructing.pdf:anati09constructing.pdf:PDF},
  owner = {jmaye},
  pdf = {anati09constructing.pdf},
  timestamp = {2010.01.11}
}

@MISC{anderson84pyramid,
  author = {Anderson, C. H. and Bergen, J. R. and Burt, P. J. and Ogden, J. M.},
  title = {Pyramid Methods in Image Processing},
  year = {1984},
  file = {anderson84pyramid.pdf:anderson84pyramid.pdf:PDF},
  pdf = {anderson84pyramid.pdf}
}

@INPROCEEDINGS{andriluka08people,
  author = {Mykhaylo Andriluka and Stefan Roth and Bernt Schiele},
  title = {People-Tracking-by-Detection and People-Detection-by-Tracking},
  booktitle = {Proc. of the 21st IEEE Conference on Computer Vision and Pattern
	Recognition (CVPR)},
  year = {2008},
  month = jun,
  file = {andriluka08people.pdf:andriluka08people.pdf:PDF},
  pdf = {andriluka08people.pdf}
}

@ARTICLE{arulampalam02tutorial,
  author = {M. Sanjeev Arulampalam and Simon Maskell and Neil Gordon and Tim
	Clapp},
  title = {A Tutorial on Particle Filters for Online Nonlinear/Non-Gaussian
	Bayesian Tracking},
  journal = {IEEE Transactions on Signal Processing},
  year = {2002},
  number = {2},
  month = {February},
  volume = {50},
  pages = {174-188},
  file = {arulampalam02tutorial.pdf:arulampalam02tutorial.pdf:PDF},
  owner = {jmaye},
  timestamp = {2011.01.04}
}

@INPROCEEDINGS{attamimi10learning,
  author = {Muhammad Attamimi and Akira Mizutani and Tomoaki Nakamura and Komei
	Sugiura and Takayuki Nagai and Naoto Iwahashi and Hiroyuki Okada
	and Takashi Omori},
  title = {Learning Novel Objects Using Out-of-Vocabulary Word Segmentation
	and Object Extraction for Home Assistant Robots},
  booktitle = {Proc. of The IEEE International Conference on Robotics and Automation
	(ICRA)},
  year = {2010},
  month = {May},
  file = {attamimi10learning.pdf:attamimi10learning.pdf:PDF},
  owner = {jmaye},
  pdf = {attamimi10learning.pdf},
  timestamp = {2010.03.09}
}

@ARTICLE{bagirov11fast,
  author = {Adil M. Bagirov and Julien Ugon and Dean Webb},
  title = {Fast modified global k-means algorithm for incremental cluster construction},
  journal = {Pattern Recognition (PR)},
  year = {2011},
  volume = {44},
  pages = {866-876},
  file = {bagirov11fast.pdf:bagirov11fast.pdf:PDF},
  owner = {jmaye},
  timestamp = {2011.01.04}
}

@INPROCEEDINGS{bagon10detecting,
  author = {Shai Bagon and Ori Brostovski and Meirav Galun and Michal Irani},
  title = {Detecting and Sketching the Common},
  booktitle = {Proc. of the 23nd IEEE Conference on Computer Vision and Pattern
	Recognition (CVPR)},
  year = {2010},
  file = {bagon10detecting.pdf:bagon10detecting.pdf:PDF},
  owner = {jmaye},
  timestamp = {2010.08.04}
}

@INPROCEEDINGS{bahlmann05system,
  author = {Claw Bahlmann and Ying Zhu and Visvanathan Ramesh and Martin Pellkofert
	and Thorstea Koehled},
  title = {A System for Traffic Sign Detection, Tracking, and Recognition Using
	Color, Shape, and Motion Information},
  booktitle = {Proc. of the IEEE Intelligent Vehicles Symposium (IVS)},
  year = {2005},
  month = jun,
  file = {bahlmann05system.pdf:bahlmann05system.pdf:PDF},
  owner = {jmaye},
  pdf = {bahlmann05system.pdf},
  timestamp = {2010.02.08}
}

@ARTICLE{bailey06simultaneous,
  author = {Tim Bailey and Hugh Durrant-Whyte},
  title = {Simultaneous Localization and Mapping: Part II},
  journal = {IEEE Robotics and Automation Magazine},
  year = {2006},
  number = {3},
  month = {September},
  volume = {13},
  pages = {108-117},
  file = {bailey06simultaneous.pdf:bailey06simultaneous.pdf:PDF},
  owner = {jmaye},
  timestamp = {2010.12.01}
}

@INPROCEEDINGS{bajaj97contour,
  author = {Bajaj, CL and Pascucci, V. and Schikore, DR},
  title = {The contour spectrum},
  booktitle = {Visualization'97., Proceedings},
  year = {1997},
  pages = {167--173},
  file = {bajaj97contour.pdf:bajaj97contour.pdf:PDF},
  pdf = {bajaj97contour.pdf}
}

@ARTICLE{ballard81generalizing,
  author = {Ballard, D.H.},
  title = {Generalizing the Hough transform to detect arbitrary shapes},
  journal = {Pattern recognition (PR)},
  year = {1981},
  number = {2},
  volume = {13},
  pages = {111-122},
  file = {ballard81generalizing.pdf:ballard81generalizing.pdf:PDF},
  pdf = {ballard81generalizing.pdf},
  publisher = {Elsevier Ltd}
}

@INPROCEEDINGS{bansal10realtime,
  author = {Mayank Bansal and Sang-Hack Jung and Bogdan Matei and Jayan Eledath
	and Harpreet Sawhney},
  title = {A Real-time Pedestrian Detection System based on Structure and Appearance
	Classification},
  booktitle = {Proc. of The IEEE International Conference on Robotics and Automation
	(ICRA)},
  year = {2010},
  month = {May},
  file = {bansal10realtime.pdf:bansal10realtime.pdf:PDF},
  owner = {jmaye},
  pdf = {bansal10realtime.pdf},
  timestamp = {2010.03.09}
}

@INPROCEEDINGS{bao10toward,
  author = {Sid Ying-Ze Bao and Min Sun and Silvio Savarese},
  title = {Toward Coherent Object Detection And Scene Layout Understanding},
  booktitle = {Proc. of the 23nd IEEE Conference on Computer Vision and Pattern
	Recognition (CVPR)},
  year = {2010},
  file = {bao10toward.pdf:bao10toward.pdf:PDF},
  owner = {jmaye},
  timestamp = {2010.08.04}
}

@ARTICLE{barber10graphical,
  author = {David Barber and A. Taylan Cemgil},
  title = {Graphical Models for Time Series},
  journal = {IEEE Signal Processing Magazine},
  year = {2010},
  month = {November},
  pages = {18-28},
  file = {barber10graphical.pdf:barber10graphical.pdf:PDF},
  owner = {jmaye},
  timestamp = {2011.01.04}
}

@ARTICLE{barnard03matching,
  author = {Kobus Barnard and Pinar Duygulu and David Forsyth and Nando de Freitas
	and David M. Blei and Michael I. Jordan},
  title = {Matching Words and Pictures},
  journal = {Journal of Machine Learning Research},
  year = {2003},
  volume = {3},
  pages = {1107-1135},
  file = {barnard03matching.pdf:barnard03matching.pdf:PDF},
  owner = {jmaye},
  timestamp = {2011.01.04}
}

@ARTICLE{baro09traffic,
  author = {Xavier Baro and Sergio Escalera and Jordi Vitria and Oriol Pujol
	and Petia Radeva},
  title = {Traffic Sign Recognition Using Evolutionary Adaboost Detection and
	Forest-ECOC Classification},
  journal = {IEEE Transactions on Intelligent Transportation Systems (ITS)},
  year = {2009},
  number = {1},
  month = mar,
  volume = {10},
  pages = {113-126},
  file = {baro09traffic.pdf:baro09traffic.pdf:PDF},
  owner = {jmaye},
  pdf = {baro09traffic.pdf},
  timestamp = {2010.02.08}
}

@INPROCEEDINGS{barrow77parametric,
  author = {Barrow, H.G. and Tenenbaum, J.M. and Bolles, R.C. and Wolf, H.C.},
  title = {Parametric Correspondence and Chamfer Matching: Two New Techniques
	for Image Matching},
  booktitle = {Proc. of the 5th International Joint Conference on Artificial Intelligence
	(IJCAI)},
  year = {1977},
  pages = {659-663},
  month = aug,
  file = {barrow77parametric.pdf:barrow77parametric.pdf:PDF},
  owner = {jmaye},
  pdf = {barrow77parametric.pdf},
  timestamp = {2010.02.04}
}

@INPROCEEDINGS{baumberg00reliable,
  author = {Baumberg, A.},
  title = {Reliable feature matching across widely separated views},
  booktitle = {Proc. of the 13th IEEE Conference on Computer Vision and Pattern
	Recognition (CVPR)},
  year = {2000},
  volume = {1},
  pages = {774-781 vol.1},
  file = {baumberg00reliable.pdf:baumberg00reliable.pdf:PDF},
  pdf = {baumberg00reliable.pdf}
}

@INPROCEEDINGS{bay06surf,
  author = {Herbert Bay and Tinne Tuytelaars and Luc Van Gool},
  title = {{SURF}: Speeded up robust features},
  booktitle = {Proc. of the 9th European Conference on Computer Vision (ECCV)},
  year = {2006},
  file = {bay06surf.pdf:bay06surf.pdf:PDF},
  pdf = {bay06surf.pdf}
}

@ARTICLE{beauchemin95computation,
  author = {Steven S. Beauchemin and John L. Barron},
  title = {The Computation of Optical Flow},
  journal = {ACM Computing Surveys},
  year = {1995},
  number = {3},
  month = {September},
  volume = {27},
  pages = {433-466},
  file = {beauchemin95computation.pdf:beauchemin95computation.pdf:PDF},
  pdf = {beauchemin95computation.pdf}
}

@INPROCEEDINGS{belongie00matching,
  author = {Belongie, S. and Malik, J.},
  title = {Matching with shape contexts},
  booktitle = {Content-based Access of Image and Video Libraries, 2000. Proceedings.
	IEEE Workshop on},
  year = {2000},
  pages = {20-26},
  file = {belongie00matching.pdf:belongie00matching.pdf:PDF},
  pdf = {belongie00matching.pdf}
}

@ARTICLE{belongie02shape,
  author = {Belongie, S. and Malik, J. and Puzicha, J.},
  title = {Shape matching and object recognition using shape contexts},
  journal = {IEEE Transactions on Pattern Analysis and Machine Intelligence (PAMI)},
  year = {2002},
  number = {24},
  month = apr,
  volume = {24},
  pages = {509-522},
  file = {belongie02shape.pdf:belongie02shape.pdf:PDF},
  pdf = {belongie02shape.pdf}
}

@INPROCEEDINGS{belongie01matching,
  author = {Belongie, S. and Malik, J. and Puzicha, J.},
  title = {Matching shapes},
  booktitle = {Proc. of the 8th IEEE International Conference on Computer Vision
	(ICCV)},
  year = {2001},
  volume = {1},
  pages = {454-461 vol.1},
  file = {belongie01matching.pdf:belongie01matching.pdf:PDF},
  pdf = {belongie01matching.pdf}
}

@INPROCEEDINGS{belongie00shape,
  author = {Belongie, S. and Malik, J. and Puzicha, J.},
  title = {Shape context: A new descriptor for shape matching and object recognition},
  booktitle = {Proc. of the 14th Annual Conference on Neural Information Processing
	Systems (NIPS)},
  year = {2000},
  file = {belongie00shape.pdf:belongie00shape.pdf:PDF},
  pdf = {belongie00shape.pdf}
}

@INPROCEEDINGS{berg01geometric,
  author = {Berg, A.C. and Malik, J.},
  title = {Geometric blur for template matching},
  booktitle = {Proc. of the 14th IEEE Conference on Computer Vision and Pattern
	Recognition (CVPR)},
  year = {2001},
  volume = {1},
  pages = { I-607-I-614 vol.1},
  file = {berg01geometric.pdf:berg01geometric.pdf:PDF},
  pdf = {berg01geometric.pdf}
}

@ARTICLE{bergtholdt10study,
  author = {Martin Bergtholdt and Jörg Kappes and Stefan Schmidt and Christoph
	Schnörr},
  title = {A Study of Parts-Based Object Class Detection Using Complete Graphs},
  journal = {International Journal of Computer Vision (IJCV)},
  year = {2010},
  number = {1-2},
  month = {March},
  volume = {87},
  pages = {93-117},
  file = {bergtholdt10study.pdf:bergtholdt10study.pdf:PDF},
  owner = {jmaye},
  pdf = {bergtholdt10study.pdf},
  timestamp = {2010.04.16}
}

@INCOLLECTION{berkhin06survey,
  author = {Pavel Berkhin},
  title = {A Survey of Clustering Data Mining Techniques},
  booktitle = {Grouping Multidimensional Data},
  publisher = {Springer Berlin Heidelberg},
  year = {2006},
  pages = {25-71},
  month = feb,
  file = {berkhin06survey.pdf:berkhin06survey.pdf:PDF},
  owner = {jmaye},
  pdf = {berkhin06survey.pdf},
  timestamp = {2010.02.05}
}

@INPROCEEDINGS{billing10behavior,
  author = {Erik A. Billing and Thomas Hellstrom and Lars-Erik Janlert},
  title = {Behavior Recognition for Learning from Demonstration},
  booktitle = {Proc. of The IEEE International Conference on Robotics and Automation
	(ICRA)},
  year = {2010},
  month = {May},
  file = {billing10behavior.pdf:billing10behavior.pdf:PDF},
  owner = {jmaye},
  pdf = {billing10behavior.pdf},
  timestamp = {2010.03.09}
}

@ARTICLE{bilmes10dynamic,
  author = {Jeff Bilmes},
  title = {Dynamic Graphical Models},
  journal = {IEEE Signal Processing Magazine},
  year = {2010},
  month = {November},
  pages = {29-42},
  file = {bilmes10dynamic.pdf:bilmes10dynamic.pdf:PDF},
  owner = {jmaye},
  timestamp = {2011.01.04}
}

@INPROCEEDINGS{bjorkman10active,
  author = {Marten Bjorkman and Danica Kragic},
  title = {Active 3D scene segmentation and detection of unknown objects},
  booktitle = {Proc. of The IEEE International Conference on Robotics and Automation
	(ICRA)},
  year = {2010},
  month = {May},
  file = {bjorkman10active.pdf:bjorkman10active.pdf:PDF},
  owner = {jmaye},
  pdf = {bjorkman10active.pdf},
  timestamp = {2010.03.09}
}

@ARTICLE{black96robust,
  author = {Black, M.J. and Anandan, P.},
  title = {The robust estimation of multiple motions: Parametric and piecewise-smooth
	flow fields},
  journal = {Computer Vision and Image Understanding},
  year = {1996},
  number = {1},
  volume = {63},
  pages = {75-104},
  file = {black96robust.pdf:black96robust.pdf:PDF},
  pdf = {black96robust.pdf},
  publisher = {San Diego: Academic Press, c1995-}
}

@INPROCEEDINGS{black93framework,
  author = {Michael J. Black and P. Anandan},
  title = {A framework for the robust estimation of optical flow},
  booktitle = {Proc. of the 4th IEEE International Conference on Computer Vision
	(ICCV)},
  year = {1993},
  file = {black93framework.pdf:black93framework.pdf:PDF},
  pdf = {black93framework.pdf}
}

@ARTICLE{blei10probabilistic,
  author = {David Blei},
  title = {Probabilistic Topic Models},
  journal = {IEEE Signal Processing Magazine},
  year = {2010},
  month = {November},
  pages = {55-65},
  file = {blei10probabilistic.pdf:blei10probabilistic.pdf:PDF},
  owner = {jmaye},
  timestamp = {2011.01.04}
}

@INPROCEEDINGS{blei10distance,
  author = {David M. Blei and Peter Frazier},
  title = {Distance dependent Chinese restaurant processes},
  booktitle = {Proc. of the 27th International Conference on Machine Learning (ICML)},
  year = {2010},
  file = {blei10distance.pdf:blei10distance.pdf:PDF},
  owner = {jmaye},
  timestamp = {2010.12.20}
}

@INPROCEEDINGS{blei04hierarchical,
  author = {David M. Blei and Thomas L. Griffiths and Michael I. Jordan and Joshua
	B. Tenenbaum},
  title = {Hierarchical Topic Models and the Nested Chinese Restaurant Process},
  booktitle = {Proc. of the 18th Annual Conference on Neural Information Processing
	Systems (NIPS)},
  year = {2004},
  file = {blei04hierarchical.pdf:blei04hierarchical.pdf:PDF},
  owner = {jmaye},
  timestamp = {2010.11.16}
}

@INPROCEEDINGS{blei06dynamic,
  author = {David M. Blei and John D. Lafferty},
  title = {Dynamic Topic Models},
  booktitle = {Proc. of the 23rd International Conference on Machine Learning (ICML)},
  year = {2006},
  file = {blei06dynamic.pdf:blei06dynamic.pdf:PDF},
  owner = {jmaye},
  timestamp = {2010.12.07}
}

@ARTICLE{blei03latent,
  author = {David M. Blei and Andrew Y. Ng and Michael I. Jordan},
  title = {Latent Dirichlet Allocation},
  journal = {Journal of Machine Learning Research},
  year = {2003},
  number = {3},
  month = {March},
  volume = {3},
  pages = {993-1022},
  file = {blei03latent.pdf:blei03latent.pdf:PDF},
  owner = {jmaye},
  timestamp = {2010.11.16}
}

@INPROCEEDINGS{bobick96real,
  author = {Bobick, A. and Davis, J.},
  title = {Real-time recognition of activity using temporal templates},
  booktitle = {Applications of Computer Vision, 1996. WACV'96., Proceedings 3rd
	IEEE Workshop on},
  year = {1996},
  pages = {39--42},
  file = {bobick96realtime.pdf:bobick96realtime.pdf:PDF},
  pdf = {bobick96realtime.pdf}
}

@ARTICLE{boiman07detecting,
  author = {Oren Boiman and Michal Irani},
  title = {Detecting Irregularities in Images and in Video},
  journal = {International Journal of Computer Vision (IJCV)},
  year = {2007},
  number = {1},
  volume = {74},
  pages = {17–31},
  file = {boiman07detecting.pdf:boiman07detecting.pdf:PDF},
  owner = {jmaye},
  timestamp = {2010.08.05}
}

@ARTICLE{bosch07review,
  author = {Anna Bosch and Xavier Munoz and Robert Marti},
  title = {A review: Which is the best way to organize/classify images by content?},
  journal = {Image and Vision Computing (IVC)},
  year = {2007},
  number = {6},
  month = {June},
  volume = {25},
  pages = {778-791},
  file = {bosch07review.pdf:bosch07review.pdf:PDF},
  owner = {jmaye},
  timestamp = {2011.01.04}
}

@INPROCEEDINGS{bosch07image,
  author = {Bosch, A. and Zisserman, A. and Munoz, X.},
  title = {Image classification using random forests and ferns},
  booktitle = {Proc. of the 11th IEEE International Conference on Computer Vision
	(ICCV)},
  year = {2007},
  file = {bosch07image.pdf:bosch07image.pdf:PDF},
  pdf = {bosch07image.pdf}
}

@INPROCEEDINGS{bosch06scene,
  author = {Anna Bosch and Andrew Zisserman and Xavier Munoz},
  title = {Scene Classification via pLSA},
  booktitle = {Proc. of the 9th European Conference on Computer Vision (ECCV)},
  year = {2006},
  file = {bosch06scene.pdf:bosch06scene.pdf:PDF},
  owner = {jmaye},
  timestamp = {2011.01.04}
}

@ARTICLE{bouchaffra10embedding,
  author = {Djamel Bouchaffra},
  title = {Embedding HMMs-based models in a Euclidean space: the topological
	hidden Markov models},
  journal = {Pattern Recognition (PR)},
  year = {2010},
  volume = {43},
  pages = {2590–2607},
  file = {bouchaffra10embedding.pdf:bouchaffra10embedding.pdf:PDF},
  owner = {jmaye},
  timestamp = {2010.05.28}
}

@ARTICLE{bouguet00pyramidal,
  author = {Bouguet, J.Y.},
  title = {Pyramidal implementation of the lucas kanade feature tracker description
	of the algorithm},
  journal = {Intel Corporation, Microprocessor Research Labs},
  year = {2000},
  file = {bouguet00pyramidal.pdf:bouguet00pyramidal.pdf:PDF},
  pdf = {bouguet00pyramidal.pdf}
}

@INPROCEEDINGS{boureau10learning,
  author = {Y-Lan Boureau and Francis Bach and Yann LeCun and Jean Ponce},
  title = {Learning Mid-Level Features For Recognition},
  booktitle = {Proc. of the 23nd IEEE Conference on Computer Vision and Pattern
	Recognition (CVPR)},
  year = {2010},
  file = {boureau10learning.pdf:boureau10learning.pdf:PDF},
  owner = {jmaye},
  timestamp = {2010.08.04}
}

@INPROCEEDINGS{bradski98real,
  author = {Bradski, G.R.},
  title = {Real time face and object tracking as a component of a perceptual
	user interface},
  booktitle = {Proc. of the 4th IEEE Workshop on Applications of Computer Vision
	(WACV)},
  year = {1998},
  pages = {214},
  organization = {IEEE Computer Society Washington, DC, USA},
  file = {bradski98real.pdf:bradski98real.pdf:PDF},
  pdf = {bradski98real.pdf}
}

@ARTICLE{bradski02motion,
  author = {Gary R. Bradski and James W. Davis},
  title = {Motion segmentation and pose recognition with motion history gradients},
  journal = {Machine Vision and Applications},
  year = {2002},
  number = {3},
  volume = {13},
  pages = {174-184},
  file = {bradski02motion.pdf:bradski02motion.pdf:PDF},
  pdf = {bradski02motion.pdf},
  publisher = {Springer}
}

@ARTICLE{brown71close,
  author = {Brown, D.C.},
  title = {Close-range camera calibration},
  journal = {Photogrammetric engineering},
  year = {1971},
  number = {8},
  volume = {37},
  pages = {855-866},
  file = {brown71close.pdf:brown71close.pdf:PDF},
  pdf = {brown71close.pdf}
}

@INPROCEEDINGS{buehler09learning,
  author = {Buehler, P. and Everingham, M. and Zisserman, A.},
  title = {Learning sign language by watching TV (using weakly aligned },
  booktitle = {Proc. of the 22nd IEEE Conference on Computer Vision and Pattern
	Recognition (CVPR)},
  year = {2009},
  volume = {2},
  number = {7},
  file = {buehler09learning.pdf:buehler09learning.pdf:PDF},
  pdf = {buehler09learning.pdf}
}

@INPROCEEDINGS{buhmann10information,
  author = {Joachim M. Buhmann},
  title = {Information theoretic model validation for clustering},
  booktitle = {Proc. of the IEEE International Symposium on Information Theory (ISIT)},
  year = {2010},
  file = {buhmann10information.pdf:buhmann10information.pdf:PDF},
  owner = {jmaye},
  pdf = {buhmann10information.pdf},
  timestamp = {2010.04.22}
}

@INPROCEEDINGS{burgard09comparison,
  author = {Wolfram Burgard and Cyrill Stachniss and Giorgio Grisetti and Bastian
	Steder and Rainer Kummerle and Christian Dornhege and Michael Ruhnke
	and Alexander Kleiner and Juan D. Tardos},
  title = {A Comparison of SLAM Algorithms Based on a Graph of Relations},
  booktitle = {Proc. of the IEEE/RSJ International Conference on Intelligent Robots
	and Systems (IROS)},
  year = {2009},
  file = {burgard09comparison.pdf:burgard09comparison.pdf:PDF;burgard09comparison.pdf:burgard09comparison.pdf:PDF},
  owner = {jmaye},
  timestamp = {2011.01.04}
}

@INPROCEEDINGS{cai10learning,
  author = {Hongping Cai and Fei Yan and Krystian Mikolajczyk},
  title = {Learning Weights for Codebook in Image Classification and Retrieval},
  booktitle = {Proc. of the 23nd IEEE Conference on Computer Vision and Pattern
	Recognition (CVPR)},
  year = {2010},
  file = {cai10learning.pdf:cai10learning.pdf:PDF},
  owner = {jmaye},
  timestamp = {2010.08.04}
}

@INPROCEEDINGS{calonder09compact,
  author = {Michael Calonder and Vincent Lepetit and Pascal Fua and Kurt Konolige
	and James Bowman and Patrick Mihelich},
  title = {Compact Signatures for High-speed Interest Point Description and
	Matching},
  booktitle = {Proc. of the 12th IEEE International Conference on Computer Vision
	(ICCV)},
  year = {2009},
  file = {calonder09compact.pdf:calonder09compact.pdf:PDF},
  pdf = {calonder09compact.pdf}
}

@ARTICLE{canny86computational,
  author = {Canny, J.},
  title = {A computational approach to edge detection},
  journal = {IEEE Transactions on pattern analysis and machine intelligence (PAMI)},
  year = {1986},
  number = {6},
  month = {November},
  pages = {679-698},
  file = {canny86computational.pdf:canny86computational.pdf:PDF},
  pdf = {canny86computational.pdf}
}

@ARTICLE{casella96rao,
  author = {George Casella and Christian P. Robert},
  title = {Rao-{B}lackwellisation of sampling schemes},
  journal = {Biometrika},
  year = {1996},
  number = {1},
  month = {Jan.},
  volume = {83},
  pages = {81-94},
  file = {casella96rao.pdf:casella96rao.pdf:PDF},
  owner = {jmaye},
  timestamp = {2010.09.16}
}

@INPROCEEDINGS{cemgil05hybrid,
  author = {A. Taylan Cemgil and Wojciech Zajdel and Ben J. A. Kroese},
  title = {A hybrid graphical model for robust feature extraction from video},
  booktitle = {Proc. IEEE Conf. Comput. Vis. Pat. Recog.},
  year = {2005},
  file = {cemgil05hybrid.pdf:cemgil05hybrid.pdf:PDF},
  owner = {jmaye},
  timestamp = {2011.01.28}
}

@INPROCEEDINGS{chang10human,
  author = {SangHyun Chang and Michael Wolf and Joel W. Burdick},
  title = {Human Detection and Tracking via Ultra-Wideband (UWB) Radar},
  booktitle = {Proc. of The IEEE International Conference on Robotics and Automation
	(ICRA)},
  year = {2010},
  month = {May},
  file = {chang10human.pdf:chang10human.pdf:PDF},
  owner = {jmaye},
  pdf = {chang10human.pdf},
  timestamp = {2010.03.09}
}

@INPROCEEDINGS{chaperon09probabilistic,
  author = {Thomas Chaperon and Jacques Droulez and Guillaume Thibault},
  title = {A probabilistic approach to camera pose and calibration from a small
	set of point and line correspondences},
  booktitle = {Proc. of the IEEE International Workshop on 3-D Digital Imaging and
	Modeling},
  year = {2009},
  month = {September},
  file = {chaperon09probabilistic.pdf:chaperon09probabilistic.pdf:PDF},
  owner = {jmaye},
  pdf = {chaperon09probabilistic.pdf},
  timestamp = {2010.03.11}
}

@INPROCEEDINGS{charette09traffic,
  author = {Raoul de Charette and Fawzi Nashashibi},
  title = {Traffic Light Recognition using Image Processing Compared to Learning
	Processes},
  booktitle = {Proc. of the IEEE/RSJ International Conference on Intelligent Robots
	and Systems (IROS)},
  year = {2009},
  file = {charette09traffic.pdf:charette09traffic.pdf:PDF},
  pdf = {charette09traffic.pdf}
}

@INPROCEEDINGS{chaudhry10fast,
  author = {Rizwan Chaudhry and Yuri Ivanov},
  title = {Fast Approximate Nearest Neighbor Methods for Non-Euclidean Manifolds
	with Applications to Human Activity Analysis in Videos},
  booktitle = {Proc. of the 11th European Conference on Computer Vision (ECCV)},
  year = {2010},
  file = {chaudhry10fast.pdf:chaudhry10fast.pdf:PDF},
  owner = {jmaye},
  timestamp = {2010.08.04}
}

@INPROCEEDINGS{chen05new,
  author = {Chen, D. and Zhang, G.},
  title = {A new sub-pixel detector for X-corners in camera calibration targets},
  booktitle = {Proc. of the WSCG International Conference in Central Europe on Computer
	Graphics and Visualization},
  year = {2005},
  pages = {97--100},
  file = {chen05new.pdf:chen05new.pdf:PDF},
  pdf = {chen05new.pdf}
}

@ARTICLE{chen10wld,
  author = {Jie Chen and Shiguang Shan and Chu He and Guoying Zhao and Matti
	Pietikainen and Xilin Chen and Wen Gao},
  title = {WLD: A Robust Local Image Descriptor},
  journal = {IEEE Transactions on Pattern Analysis and Machine Intelligence (PAMI)},
  year = {2010},
  number = {9},
  month = {September},
  volume = {32},
  pages = {1705-1720},
  file = {chen10wld.pdf:chen10wld.pdf:PDF},
  owner = {jmaye},
  timestamp = {2010.08.04}
}

@ARTICLE{chen09unsupervised,
  author = {Yuanhao Chen and Long (Leo) Zhu and Alan Yuille and Hongjiang Zhang},
  title = {Unsupervised Learning of Probabilistic Object Models (POMs) for Object
	Classification, Segmentation, and Recognition Using Knowledge Propagation},
  journal = {IEEE Transactions on Pattern Analysis and Machine Intelligence (PAMI)},
  year = {2009},
  number = {10},
  month = {October},
  volume = {31},
  pages = {1747-1761},
  file = {chen09unsupervised.pdf:chen09unsupervised.pdf:PDF},
  owner = {jmaye},
  pdf = {chen09unsupervised.pdf},
  timestamp = {2010.03.11}
}

@INPROCEEDINGS{cho10unsupervised,
  author = {Minsu Cho and Young Min Shin and Kyoung Mu Lee},
  title = {Unsupervised Detection and Segmentation of Identical Objects},
  booktitle = {Proc. of the 23nd IEEE Conference on Computer Vision and Pattern
	Recognition (CVPR)},
  year = {2010},
  file = {cho10unsupervised.pdf:cho10unsupervised.pdf:PDF},
  owner = {jmaye},
  timestamp = {2010.08.04}
}

@INPROCEEDINGS{choi10exploiting,
  author = {Myung Jin Choi and Joseph J. Lim and Antonio Torralba and Alan S.
	Willsky},
  title = {Exploiting Hierarchical Context on a Large Database of Object Categories},
  booktitle = {Proc. of the 23nd IEEE Conference on Computer Vision and Pattern
	Recognition (CVPR)},
  year = {2010},
  file = {choi10exploiting.pdf:choi10exploiting.pdf:PDF},
  owner = {jmaye},
  timestamp = {2010.08.04}
}

@INPROCEEDINGS{christoudias08unsupervised,
  author = {Christoudias, C.M. and Urtasun, R. and Darrell, T.},
  title = {Unsupervised feature selection via distributed coding for multi-view
	object recognition},
  booktitle = {Proc. of the 21st IEEE Conference on Computer Vision and Pattern
	Recognition (CVPR)},
  year = {2008},
  pages = {1-8},
  month = {June},
  file = {christoudias08unsupervised.pdf:christoudias08unsupervised.pdf:PDF},
  pdf = {christoudias08unsupervised.pdf}
}

@INPROCEEDINGS{chum09geometric,
  author = {Ondrej Chum and Michal Perdoch and Jiri Matas},
  title = {Geometric min-Hashing: Finding a (Thick) Needle in a Haystack},
  booktitle = {Proc. of the 22nd IEEE Conference on Computer Vision and Pattern
	Recognition (CVPR)},
  year = {2009},
  file = {chum09geometric.pdf:chum09geometric.pdf:PDF},
  owner = {jmaye},
  timestamp = {2010.08.05}
}

@ARTICLE{chung10fast,
  author = {Kuo-Liang Chung and Yong-Huai Huang and Jyun-Pin Wang and Ting-Chin
	Chang and Hong-Yuan Mark Liao},
  title = {Fast randomized algorithm for center-detection},
  journal = {Pattern Recognition(PR)},
  year = {2010},
  volume = {43},
  pages = {2659–2665},
  file = {chung10fast.pdf:chung10fast.pdf:PDF},
  owner = {jmaye},
  timestamp = {2010.05.28}
}

@ARTICLE{cielniak10data,
  author = {Grzegorz Cielniak and Tom Duckett and Achim J. Lilienthal},
  title = {Data association and occlusion handling for vision-based people tracking
	by mobile robots},
  journal = {Robotics and Autonomous Systems (RAS)},
  year = {2010},
  volume = {58},
  pages = {435-443},
  file = {cielniak10data.pdf:cielniak10data.pdf:PDF},
  owner = {jmaye},
  timestamp = {2010.05.28}
}

@ARTICLE{clarke98development,
  author = {Clarke, TA and Fryer, JG},
  title = {The development of camera calibration methods and models},
  journal = {Photogrammetric Record},
  year = {1998},
  number = {91},
  volume = {16},
  pages = {51-66},
  file = {clarke98development.pdf:clarke98development.pdf:PDF},
  pdf = {clarke98development.pdf},
  publisher = {London, Photogrammetric Society.}
}

@INPROCEEDINGS{coates10multi,
  author = {Adam Coates and Andrew Y. Ng},
  title = {Multi-Camera Object Detection for Robotics},
  booktitle = {Proc. of The IEEE International Conference on Robotics and Automation
	(ICRA)},
  year = {2010},
  month = {May},
  file = {coates10multi.pdf:coates10multi.pdf:PDF},
  owner = {jmaye},
  pdf = {coates10multi.pdf},
  timestamp = {2010.03.09}
}

@INPROCEEDINGS{colombari07video,
  author = {Colombari, A. and Fusiello, A. and Murino, V.},
  title = {Video Objects Segmentation by Robust Background Modeling},
  booktitle = {Image Analysis and Processing, 2007. ICIAP 2007. 14th International
	Conference on},
  year = {2007},
  pages = {155--164},
  file = {colombari07video.pdf:colombari07video.pdf:PDF},
  pdf = {colombari07video.pdf}
}

@ARTICLE{comaniciu02mean,
  author = {Dorin Comaniciu and Peter Meer},
  title = {Mean shift: A robust approach toward feature space analysis},
  journal = {IEEE Transactions on Pattern Analysis and Machine Intelligence (PAMI)},
  year = {2002},
  number = {5},
  month = may,
  volume = {24},
  pages = {603-619},
  file = {comaniciu02mean.pdf:comaniciu02mean.pdf:PDF},
  pdf = {comaniciu02mean.pdf}
}

@INPROCEEDINGS{comaniciu99mean,
  author = {Dorin Comaniciu and Peter Meer},
  title = {Mean Shift Analysis and Applications},
  booktitle = {Proc. of the 7th IEEE International Conference on Computer Vision
	(ICCV)},
  year = {1999},
  pages = {1197-1203},
  file = {comaniciu99mean.pdf:comaniciu99mean.pdf:PDF},
  owner = {jmaye},
  pdf = {comaniciu99mean.pdf},
  timestamp = {2010.01.27}
}

@INPROCEEDINGS{comaniciu01variable,
  author = {Dorin Comaniciu and Visvanathan Ramesh and Peter Meer},
  title = {The Variable Bandwidth Mean Shift and Data-Driven Scale Selection},
  booktitle = {Proc. of the 8th IEEE International Conference on Computer Vision
	(ICCV)},
  year = {2001},
  volume = {1},
  pages = {438-445},
  file = {comaniciu01variable.pdf:comaniciu01variable.pdf:PDF},
  owner = {jmaye},
  pdf = {comaniciu01variable.pdf},
  timestamp = {2010.01.26}
}

@INPROCEEDINGS{conrad10homography,
  author = {D. Conrad and G. N. DeSouza},
  title = {Homography-Based Ground Plane Detection for Mobile Robot Navigation
	Using a Modified EM Algorithm},
  booktitle = {Proc. of The IEEE International Conference on Robotics and Automation
	(ICRA)},
  year = {2010},
  month = {May},
  file = {conrad10homography.pdf:conrad10homography.pdf:PDF},
  owner = {jmaye},
  pdf = {conrad10homography.pdf},
  timestamp = {2010.03.09}
}

@INPROCEEDINGS{cordes09half,
  author = {Cordes, K. and Muller, O. and Rosenhahn, B. and Ostermann, J.},
  title = {HALF-SIFT: High-Accurate Localized Features for SIFT},
  booktitle = {Workshop of the 22nd IEEE Conference on Computer Vision and Pattern
	Recognition (CVPR)},
  year = {2009},
  pages = {31-38},
  month = {June},
  file = {cordes09half.pdf:cordes09half.pdf:PDF},
  pdf = {cordes09half.pdf}
}

@ARTICLE{corrales10sensor,
  author = {J.A. Corrales and F.A. Candelas and F. Torres},
  title = {Sensor data integration for indoor human tracking},
  journal = {Robotics and Autonomous Systems (RAS)},
  year = {2010},
  number = {8},
  month = {August},
  volume = {58},
  pages = {931–939},
  file = {corrales10sensor.pdf:corrales10sensor.pdf:PDF},
  owner = {jmaye},
  timestamp = {2010.08.04}
}

@ARTICLE{crisan02survey,
  author = {Dan Crisan and Arnaud Doucet},
  title = {A Survey of Convergence Results on Particle Filtering Methods for
	Practitioners},
  journal = {IEEE Transactions on Signal Processing},
  year = {2002},
  number = {3},
  month = {March},
  volume = {50},
  pages = {736-746},
  file = {crisan02survey.pdf:crisan02survey.pdf:PDF},
  owner = {jmaye},
  timestamp = {2010.12.07}
}

@ARTICLE{crosier10using,
  author = {M. Crosier and L.D. Griffin},
  title = {Using Basic Image Features for Texture Classification},
  journal = {International Journal of Computer Vision (IJCV)},
  year = {2010},
  number = {3},
  month = {July},
  volume = {88},
  pages = {447–460},
  file = {crosier10using.pdf:crosier10using.pdf:PDF},
  owner = {jmaye},
  pdf = {crosier10using.pdf},
  timestamp = {2010.04.16}
}

@INPROCEEDINGS{crosier08texture,
  author = {Crosier, M. and Griffin, L.D.},
  title = {Texture classification with a dictionary of basic image features},
  booktitle = {Proc. of the 21st IEEE Conference on Computer Vision and Pattern
	Recognition (CVPR)},
  year = {2008},
  pages = {1-7},
  month = {June},
  file = {crosier08texture.pdf:crosier08texture.pdf:PDF},
  pdf = {crosier08texture.pdf}
}

@ARTICLE{crow84summed,
  author = {Crow, F.C.},
  title = {Summed-area tables for texture mapping},
  journal = {Computer Graphics},
  year = {1984},
  number = {3},
  volume = {18},
  file = {crow84summed.pdf:crow84summed.pdf:PDF},
  pdf = {crow84summed.pdf}
}

@INPROCEEDINGS{csurka04visual,
  author = {Gabriella Csurka and Christopher R. Dance and Lixin Fan and Jutta
	Willamowski and Cedric Bray},
  title = {Visual Categorization with Bags of Keypoints},
  booktitle = {Workshop on Statistical Learning in Computer Vision, 8th European
	Conference on Computer Vision (ECCV)},
  year = {2004},
  file = {csurka04visual.pdf:csurka04visual.pdf:PDF},
  owner = {jmaye},
  timestamp = {2010.11.15}
}

@ARTICLE{cummins10appearance,
  author = {Mark Cummins and Paul Newman},
  title = {Appearance-only {SLAM} at large scale with {FAB-MAP} 2.0},
  journal = {The International Journal of Robotics Research (IJRR)},
  year = {2010},
  file = {cummins10appearance.pdf:cummins10appearance.pdf:PDF},
  owner = {jmaye},
  timestamp = {2010.12.01}
}

@ARTICLE{cummins08fabmap,
  author = {Mark Cummins and Paul Newman},
  title = {{FAB-MAP}: Probabilistic Localization and Mapping in the Space of
	Appearance},
  journal = {The International Journal of Robotics Research (IJRR)},
  year = {2008},
  number = {6},
  month = {June},
  volume = {27},
  pages = {647-665},
  file = {cummins08fabmap.pdf:cummins08fabmap.pdf:PDF},
  owner = {jmaye},
  timestamp = {2010.12.01}
}

@INPROCEEDINGS{dahlkamp06self,
  author = {Hendrik Dahlkamp and Adrian Kaehler and David Stavens and Sebastian
	Thrun and Gary R. Bradski},
  title = {Self-supervised Monocular Road Detection in Desert Terrain.},
  booktitle = {Proc. of the 2nd Robotics: Science and Systems Conference (RSS)},
  year = {2006},
  editor = {Gaurav S. Sukhatme and Stefan Schaal and Wolfram Burgard and Dieter
	Fox},
  publisher = {The MIT Press},
  file = {dahlkamp06self.pdf:dahlkamp06self.pdf:PDF},
  pdf = {dahlkamp06self.pdf}
}

@INPROCEEDINGS{dalal05histograms,
  author = {Navneet Dalal and Bill Triggs},
  title = {Histograms of oriented gradients for human detection},
  booktitle = {Proc. of the 18th IEEE Conference on Computer Vision and Pattern
	Recognition (CVPR)},
  year = {2005},
  volume = {1},
  file = {dalal05histograms.pdf:dalal05histograms.pdf:PDF},
  pdf = {dalal05histograms.pdf}
}

@ARTICLE{daras10shape,
  author = {Petros Daras and Apostolos Axenopoulos},
  title = {A 3D Shape Retrieval Framework Supporting Multimodal Queries},
  journal = {International Journal of Computer Vision (IJCV)},
  year = {2010},
  volume = {89},
  pages = {229-247},
  file = {daras10shape.pdf:daras10shape.pdf:PDF},
  owner = {jmaye},
  timestamp = {2010.05.30}
}

@ARTICLE{darby10tracking,
  author = {John Darby and Baihua Li and Nicholas Costen},
  title = {Tracking human pose with multiple activity models},
  journal = {Pattern Recognition(PR)},
  year = {2010},
  volume = {43},
  pages = {3042–3058},
  file = {darby10tracking.pdf:darby10tracking.pdf:PDF},
  owner = {jmaye},
  timestamp = {2010.05.28}
}

@ARTICLE{das10nonstationary,
  author = {Samarjit Das and Namrata Vaswani},
  title = {Nonstationary Shape Activities: Dynamic Models for Landmark Shape
	Change and Applications},
  journal = {IEEE Transactions on Pattern Analysis and Machine Intelligence (PAMI)},
  year = {2010},
  number = {4},
  month = {April},
  volume = {32},
  pages = {579-592},
  file = {das10nonstationary.pdf:das10nonstationary.pdf:PDF},
  owner = {jmaye},
  pdf = {das10nonstationary.pdf},
  timestamp = {2010.03.11}
}

@INPROCEEDINGS{dasgupta99learning,
  author = {Sanjoy Dasgupta},
  title = {Learning Mixtures of Gaussians},
  booktitle = {Proc. of the 40th Annual Symposium on Foundations of Computer Science},
  year = {1999},
  file = {dasgupta99learning.pdf:dasgupta99learning.pdf:PDF},
  owner = {jmaye},
  timestamp = {2010.09.16}
}

@ARTICLE{davy10generative,
  author = {Manuel Davy and Jean-Yves Tourneret},
  title = {Generative Supervised Classification Using Dirichlet Process Priors},
  journal = {IEEE Transactions on Pattern Analysis and Machine Intelligence (PAMI)},
  year = {2010},
  number = {10},
  month = {October},
  volume = {32},
  pages = {1781-1794},
  file = {davy10generative.pdf:davy10generative.pdf:PDF},
  owner = {jmaye},
  timestamp = {2011.01.04}
}

@INPROCEEDINGS{delaitre10recognizing,
  author = {Vincent Delaitre and Ivan Laptev and Josef Sivic},
  title = {Recognizing human actions in still images: a study of bag-of-features
	and part-based representations},
  booktitle = {Proc. of the 21th British Machine Vision Conference (BMVC)},
  year = {2010},
  file = {delaitre10recognizing.pdf:delaitre10recognizing.pdf:PDF},
  owner = {jmaye},
  timestamp = {2010.12.13}
}

@ARTICLE{dementhon95model,
  author = {DeMenthon, D.F. and Davis, L.S.},
  title = {Model-based object pose in 25 lines of code},
  journal = {International Journal of Computer Vision (IJCV)},
  year = {1995},
  number = {1},
  volume = {15},
  pages = {123-141},
  file = {dementhon95model.pdf:dementhon95model.pdf:PDF},
  pdf = {dementhon95model.pdf},
  publisher = {Springer}
}

@INPROCEEDINGS{derpanis10efficient,
  author = {Konstantinos G. Derpanis and Mikhail Sizintsev and Kevin Cannons
	and Richard P. Wildes},
  title = {Efficient Action Spotting Based on a Spacetime Oriented Structure
	Representation},
  booktitle = {Proc. of the 23nd IEEE Conference on Computer Vision and Pattern
	Recognition (CVPR)},
  year = {2010},
  file = {derpanis10efficient.pdf:derpanis10efficient.pdf:PDF},
  owner = {jmaye},
  timestamp = {2010.08.04}
}

@INPROCEEDINGS{desai09discriminative,
  author = {Chaitanya Desai and Deva Ramanan and Charless Fowlkes},
  title = {Discriminative models for multi-class object layout},
  booktitle = {Proc. of the 12th IEEE International Conference on Computer Vision
	(ICCV)},
  year = {2009},
  file = {desai09discriminative.pdf:desai09discriminative.pdf:PDF},
  pdf = {desai09discriminative.pdf}
}

@INPROCEEDINGS{deselaers10localizing,
  author = {Thomas Deselaers and Bogdan Alexe and Vittorio Ferrari},
  title = {Localizing Objects While Learning Their Appearance},
  booktitle = {Proc. of the 11th European Conference on Computer Vision (ECCV)},
  year = {2010},
  file = {deselaers10localizing.pdf:deselaers10localizing.pdf:PDF},
  owner = {jmaye},
  timestamp = {2010.08.04}
}

@INPROCEEDINGS{deselaers10conditional,
  author = {Thomas Deselaers and Vittorio Ferrari},
  title = {A Conditional Random Field for Multiple-Instance Learning},
  booktitle = {Proc. of the 27th International Conference on Machine Learning (ICML)},
  year = {2010},
  file = {deselaers10conditional.pdf:deselaers10conditional.pdf:PDF},
  owner = {jmaye},
  timestamp = {2011.01.04}
}

@INPROCEEDINGS{deselaers10global,
  author = {Thomas Deselaers and Vittorio Ferrari},
  title = {Global and Efficient Self-Similarity for Object Classification and
	Detection},
  booktitle = {Proc. of the 23nd IEEE Conference on Computer Vision and Pattern
	Recognition (CVPR)},
  year = {2010},
  file = {deselaers10global.pdf:deselaers10global.pdf:PDF},
  owner = {jmaye},
  timestamp = {2010.08.04}
}

@ARTICLE{deselaers10object,
  author = {Thomas Deselaers and Georg Heigold and Hermann Ney},
  title = {Object classification by fusing SVMs and Gaussian mixtures},
  journal = {Pattern Recognition(PR)},
  year = {2010},
  volume = {43},
  pages = {2476–2484},
  file = {deselaers10object.pdf:deselaers10object.pdf:PDF},
  owner = {jmaye},
  timestamp = {2010.05.28}
}

@INPROCEEDINGS{divvala10empirical,
  author = {Santosh K. Divvala and Derek Hoiem and James H. Hays and Alexei A.
	Efros and Martial Hebert},
  title = {An Empirical Study of Context in Object Detection},
  booktitle = {Proc. of the 23nd IEEE Conference on Computer Vision and Pattern
	Recognition (CVPR)},
  year = {2010},
  file = {divvala10empirical.pdf:divvala10empirical.pdf:PDF;divvala10empirical.pdf:divvala10empirical.pdf:PDF},
  owner = {jmaye},
  timestamp = {2010.08.04}
}

@INPROCEEDINGS{dollar10fastest,
  author = {Piotr Dollar and Serge Belongie and Pietro Perona},
  title = {The Fastest Pedestrian Detector in the West},
  booktitle = {Proc. of the 21th British Machine Vision Conference (BMVC)},
  year = {2010},
  file = {dollar10fastest.pdf:dollar10fastest.pdf:PDF},
  owner = {jmaye},
  timestamp = {2010.12.13}
}

@ARTICLE{donges78two,
  author = {Edmund Donges},
  title = {A Two-Level Model of Driver Steering Behavior},
  journal = {J. Human Factors and Ergonomics Soc.},
  year = {1978},
  number = {6},
  month = {Dec.},
  volume = {20},
  pages = {691-707},
  owner = {jmaye},
  timestamp = {2011.01.28}
}

@TECHREPORT{doucet98sequential,
  author = {Arnaud Doucet},
  title = {On Sequential Simulation-Based Methods for Bayesian Filtering},
  institution = {University of Cambridge},
  year = {1998},
  file = {doucet98sequential.pdf:doucet98sequential.pdf:PDF},
  owner = {jmaye},
  timestamp = {2010.11.19}
}

@INPROCEEDINGS{doucet00rao,
  author = {Arnaud Doucet and Nando de Freitas and Kevin Murphy and Stuart Russell},
  title = {Rao-Blackwellised Particle Filtering for Dynamic Bayesian Networks},
  booktitle = {Proc. of the 16th Conference on Uncertainty in Artificial Intelligence
	(UAI)},
  year = {2000},
  file = {doucet00rao.pdf:doucet00rao.pdf:PDF},
  owner = {jmaye},
  timestamp = {2010.11.19}
}

@ARTICLE{doucet00sequential,
  author = {Arnaud Doucet and Simon Godsill and Christophe Andrieu},
  title = {On sequential Monte Carlo sampling methods for Bayesian filtering},
  journal = {Statistics and Computing},
  year = {2000},
  volume = {10},
  pages = {197-208},
  file = {doucet00sequential.pdf:doucet00sequential.pdf:PDF},
  owner = {jmaye},
  timestamp = {2010.11.19}
}

@ARTICLE{doucet01particle,
  author = {Arnaud Doucet and Neil J. Gordon and Vikram Krishnamurthy},
  title = {Particle Filters for State Estimation of Jump Markov Linear Systems},
  journal = {IEEE Transactions on Signal Processing},
  year = {2001},
  number = {3},
  month = {March},
  volume = {49},
  pages = {613-624},
  file = {doucet01particle.pdf:doucet01particle.pdf:PDF},
  owner = {jmaye},
  timestamp = {2010.11.21}
}

@ARTICLE{douillard10classification,
  author = {Bertrand Douillard and Dieter Fox and Fabio Ramos and Hugh Durrant-Whyte},
  title = {Classification and Semantic Mapping of Urban Environments},
  journal = {The International Journal of Robotics Research (IJRR)},
  year = {2010on},
  note = {OnineFirst},
  file = {douillard10classification.pdf:douillard10classification.pdf:PDF},
  owner = {jmaye},
  timestamp = {2010.12.23}
}

@INPROCEEDINGS{douillard10pipeline,
  author = {B. Douillard and J. Underwood and V. Vlaskine and A. Quadros and
	S. Singh},
  title = {A Pipeline for the Segmentation and Classification of 3D Point Clouds},
  booktitle = {Proc. of the 12th International Symposium on Experimental Robotics
	(ISER)},
  year = {2010},
  file = {douillard10pipeline.pdf:douillard10pipeline.pdf:PDF},
  owner = {jmaye},
  timestamp = {2011.01.18}
}

@ARTICLE{du10segmented,
  author = {Lan Du and Wray Buntine and Huidong Jin},
  title = {A segmented topic model based on the two-parameter Poisson-Dirichlet
	process},
  journal = {Machine Learning},
  year = {2010},
  volume = {81},
  pages = {5-19},
  file = {du10segmented.pdf:du10segmented.pdf:PDF},
  owner = {jmaye},
  timestamp = {2011.01.04}
}

@INPROCEEDINGS{du09bayesian,
  author = {Lan Du and Lu Ren and David B. Dunson and Lawrence Carin},
  title = {A Bayesian Model for Simultaneous Image Clustering, Annotation and
	Object Segmentation},
  booktitle = {Proc. of the 23rd Annual Conference on Neural Information Processing
	Systems (NIPS)},
  year = {2009},
  file = {du09bayesian.pdf:du09bayesian.pdf:PDF},
  owner = {jmaye},
  timestamp = {2010.12.14}
}

@INPROCEEDINGS{duan10visual,
  author = {Lixin Duan and Dong Xu and Ivor W. Tsang and Jiebo Luo},
  title = {Visual Event Recognition in Videos by Learning from Web Data},
  booktitle = {Proc. of the 23nd IEEE Conference on Computer Vision and Pattern
	Recognition (CVPR)},
  year = {2010},
  file = {duan10visual.pdf:duan10visual.pdf:PDF},
  owner = {jmaye},
  timestamp = {2010.08.04}
}

@INPROCEEDINGS{dubois10modeling,
  author = {Christopher DuBois and Padhraic Smyth},
  title = {Modeling Relational Events via Latent Classes},
  booktitle = {Proc. of the 16th ACM SIGKDD Conference on Knowledge Discovery and
	Data Mining (KDD)},
  year = {2010},
  file = {dubois10modeling.pdf:dubois10modeling.pdf:PDF},
  owner = {jmaye},
  timestamp = {2011.01.04}
}

@ARTICLE{duda72use,
  author = {Duda, Richard O. and Hart, Peter E.},
  title = {Use of the Hough transformation to detect lines and curves in pictures},
  journal = {Commun. ACM},
  year = {1972},
  number = {1},
  volume = {15},
  pages = {11--15},
  address = {New York, NY, USA},
  doi = {http://doi.acm.org/10.1145/361237.361242},
  file = {duda72use.pdf:duda72use.pdf:PDF},
  issn = {0001-0782},
  pdf = {duda72use.pdf},
  publisher = {ACM}
}

@ARTICLE{durrantwhyte06simultaneous,
  author = {Hugh Durrant-Whyte and Tim Bailey},
  title = {Simultaneous Localization and Mapping: Part I},
  journal = {IEEE Robotics and Automation Magazine},
  year = {2006},
  number = {2},
  month = {June},
  volume = {13},
  pages = {99-108},
  file = {durrantwhyte06simultaneous.pdf:durrantwhyte06simultaneous.pdf:PDF},
  owner = {jmaye},
  timestamp = {2010.12.01}
}

@INPROCEEDINGS{ebrahimi09susure,
  author = {Ebrahimi, M. and Mayol-Cuevas, W.W.},
  title = {SUSurE: Speeded Up Surround Extrema feature detector and descriptor
	for realtime applications},
  booktitle = {Workshop of the 22nd IEEE Conference on Computer Vision and Pattern
	Recognition (CVPR)},
  year = {2009},
  pages = {9-14},
  month = {June},
  file = {ebrahimi09susure.pdf:ebrahimi09susure.pdf:PDF},
  pdf = {ebrahimi09susure.pdf}
}

@MISC{vienna68convention,
  author = {Economic Commission for Europe, Inland Transport Committee},
  title = {Convention on Road Signs and Signals},
  month = nov,
  year = {1968},
  file = {vienna68convention.pdf:vienna68convention.pdf:PDF},
  owner = {jmaye},
  pdf = {vienna68convention.pdf},
  timestamp = {2010.02.05}
}

@INPROCEEDINGS{endres09unsupervised,
  author = {Felix Endres and Christian Plagemann and Cyrill Stachniss and Wolfram
	Burgard},
  title = {Unsupervised Discovery of Object Classes from Range Data using Latent
	Dirichlet Allocation},
  booktitle = {Proc. of the 5th Robotics: Science and Systems Conference (RSS)},
  year = {2009},
  file = {endres09unsupervised.pdf:endres09unsupervised.pdf:PDF},
  owner = {jmaye},
  timestamp = {2010.12.07}
}

@INPROCEEDINGS{enzweiler10multicue,
  author = {Markus Enzweiler and Angela Eigenstetter and Bernt Schiele and Dariu
	M. Gavrila},
  title = {Multi-Cue Pedestrian Classification With Partial Occlusion Handling},
  booktitle = {Proc. of the 23nd IEEE Conference on Computer Vision and Pattern
	Recognition (CVPR)},
  year = {2010},
  file = {enzweiler10multicue.pdf:enzweiler10multicue.pdf:PDF},
  owner = {jmaye},
  timestamp = {2010.11.23}
}

@ARTICLE{enzweiler09monocular,
  author = {Markus Enzweiler and Dariu M. Gavrila},
  title = {Monocular Pedestrian Detection: Survey and Experiments},
  journal = {IEEE Transactions on Pattern Analysis and Machine Intelligence (PAMI)},
  year = {2009},
  number = {12},
  month = {December},
  volume = {31},
  pages = {2179-2195},
  file = {enzweiler09monocular.pdf:enzweiler09monocular.pdf:PDF},
  owner = {jmaye},
  pdf = {enzweiler09monocular.pdf},
  timestamp = {2010.03.11}
}

@ARTICLE{eshel10tracking,
  author = {Ran Eshel and Yael Moses},
  title = {Tracking in a Dense Crowd Using Multiple Cameras},
  journal = {International Journal of Computer Vision (IJCV)},
  year = {2010},
  volume = {88},
  pages = {129-143},
  file = {eshel10tracking.pdf:eshel10tracking.pdf:PDF},
  owner = {jmaye},
  timestamp = {2010.05.30}
}

@INPROCEEDINGS{espinace10indoor,
  author = {P. Espinace and T. Kollar and A. Soto and N. Roy},
  title = {Indoor Scene Recognition Through Object Detection},
  booktitle = {Proc. of The IEEE International Conference on Robotics and Automation
	(ICRA)},
  year = {2010},
  month = {May},
  file = {espinace10indoor.pdf:espinace10indoor.pdf:PDF},
  owner = {jmaye},
  pdf = {espinace10indoor.pdf},
  timestamp = {2010.03.09}
}

@INPROCEEDINGS{ess09moving,
  author = {A. Ess and B. Leibe and K. Schindler and L. van Gool},
  title = {Moving Obstacle Detection in Highly Dynamic Scenes},
  booktitle = {Proc. of the IEEE International Conference on Robotics and Automation
	(ICRA)},
  year = {2009},
  file = {ess09moving.pdf:ess09moving.pdf:PDF},
  owner = {jmaye},
  pdf = {ess09moving.pdf},
  timestamp = {2010.01.06}
}

@ARTICLE{ess09robust,
  author = {Andreas Ess and Bastian Leibe and Konrad Schindler and Luc van Gool},
  title = {Robust Multiperson Tracking from a Mobile Platform},
  journal = {IEEE Transactions on Pattern Analysis and Machine Intelligence (PAMI)},
  year = {2009},
  number = {10},
  month = {October},
  volume = {31},
  pages = {1831-1846},
  file = {ess09robust.pdf:ess09robust.pdf:PDF},
  owner = {jmaye},
  pdf = {ess09robust.pdf},
  timestamp = {2010.03.11}
}

@INPROCEEDINGS{ess09segmentation,
  author = {A. Ess and T. M{"u}ller and H. Grabner and L. van Gool},
  title = {Segmentation-Based Urban Traffic Scene Understanding},
  booktitle = {Proc. of the 20th British Machine Vision Conference (BMVC)},
  year = {2009},
  month = sep,
  file = {ess09segmentation.pdf:ess09segmentation.pdf:PDF},
  pdf = {ess09segmentation.pdf}
}

@ARTICLE{ess10object,
  author = {Andreas Ess and Konrad Schindler and Bastian Leibe and Luc Van Gool},
  title = {Object Detection and Tracking for Autonomous Navigation in Dynamic
	Environments},
  journal = {The International Journal of Robotics Research (IJRR)},
  year = {2010},
  file = {ess10object.pdf:ess10object.pdf:PDF},
  owner = {jmaye},
  timestamp = {2010.08.04}
}

@ARTICLE{fearnhead06exact,
  author = {Paul Fearnhead},
  title = {Exact and Efficient Bayesian Inference for Multiple Changepoint problems},
  journal = {Statistics and Computing},
  year = {2006},
  volume = {16},
  pages = {203-213},
  file = {fearnhead06exact.pdf:fearnhead06exact.pdf:PDF},
  owner = {jmaye},
  timestamp = {2010.12.20}
}

@ARTICLE{fearnhead04particle,
  author = {Paul Fearnhead},
  title = {Particle filters for mixture models with an unknown number of components},
  journal = {Statistics and Computing},
  year = {2004},
  volume = {14},
  pages = {11-21},
  file = {fearnhead04particle.pdf:fearnhead04particle.pdf:PDF},
  owner = {jmaye},
  timestamp = {2010.12.20}
}

@ARTICLE{fearnhead02mcmc,
  author = {Paul Fearnhead},
  title = {MCMC, Sufficient Statistics and Particle Filters},
  journal = {Journal of Computational and Graphical Statistics (JCGS)},
  year = {2002},
  volume = {11},
  pages = {848-862},
  file = {fearnhead02mcmc.pdf:fearnhead02mcmc.pdf:PDF},
  owner = {jmaye},
  timestamp = {2010.12.20}
}

@ARTICLE{fearnhead03online,
  author = {Paul Fearnhead and Peter Clifford},
  title = {On-line inference for hidden Markov models via particle filters},
  journal = {Journal Of The Royal Statistical Society Series B},
  year = {2003},
  number = {4},
  volume = {65},
  pages = {887-899},
  file = {fearnhead03online.pdf:fearnhead03online.pdf:PDF},
  owner = {jmaye},
  timestamp = {2010.12.20}
}

@ARTICLE{fearnhead10efficient,
  author = {Paul Fearnhead and Zhen Liu},
  title = {Efficient Bayesian Analysis of Multiple Changepoint Models with Dependence
	across Segments},
  journal = {Statistics and Computing},
  year = {2010},
  file = {fearnhead10efficient.pdf:fearnhead10efficient.pdf:PDF},
  owner = {jmaye},
  timestamp = {2010.09.13}
}

@ARTICLE{fearnhead07online,
  author = {Paul Fearnhead and Zhen Liu},
  title = {On-line inference for multiple changepoint problems},
  journal = {J. Roy. Stat. Soc. Series B},
  year = {2007},
  number = {4},
  month = {Apr.},
  volume = {69},
  pages = {589-605},
  file = {fearnhead07online.pdf:fearnhead07online.pdf:PDF},
  owner = {jmaye},
  timestamp = {2010.09.13}
}

@INPROCEEDINGS{fearnhead06efficient,
  author = {Paul Fearnhead and Zhen Liu},
  title = {Efficient Online Inference for Multiple Changepoint Problem},
  booktitle = {IEEE Nonlinear Statistical Signal Processing Workshop},
  year = {2006},
  file = {fearnhead06efficient.pdf:fearnhead06efficient.pdf:PDF},
  owner = {jmaye},
  timestamp = {2010.09.13}
}

@ARTICLE{fearnhead07filtering,
  author = {Paul Fearnhead and Loukia Meligkotsidou},
  title = {Filtering Methods for Mixture Models},
  journal = {Journal of Computational and Graphical Statistics},
  year = {2007},
  volume = {16},
  pages = {586-607},
  file = {fearnhead07filtering.pdf:fearnhead07filtering.pdf:PDF},
  owner = {jmaye},
  timestamp = {2010.12.20}
}

@INPROCEEDINGS{feifei04learning,
  author = {Li Fei-Fei and Rod Fergus and Pietro Perona},
  title = {Learning Generative Visual Models from Few Training Examples: An
	Incremental {B}ayesian Approach Tested on 101 Object Categories},
  booktitle = {Proc. of the 17th IEEE Conference on Computer Vision and Pattern
	Recognition (CVPR)},
  year = {2004},
  file = {feifei04learning.pdf:feifei04learning.pdf:PDF},
  owner = {jmaye},
  timestamp = {2010.11.15}
}

@INPROCEEDINGS{feifei05bayesian,
  author = {Li Fei-Fei and Pietro Perona},
  title = {A {B}ayesian Hierarchical Model for Learning Natural Scene Categories},
  booktitle = {Proc. IEEE Conf. Comput. Vis. Pat. Recog.},
  year = {2005},
  file = {feifei05bayesian.pdf:feifei05bayesian.pdf:PDF},
  owner = {jmaye},
  timestamp = {2010.12.06}
}

@ARTICLE{felzenszwalb04efficient,
  author = {Pedro F. Felzenszwalb and Daniel P. Huttenlocher},
  title = {Efficient Graph-Based Image Segmentation},
  journal = {International Journal of Computer Vision (IJCV)},
  year = {2004},
  number = {2},
  month = {Sept.},
  volume = {59},
  pages = {167-181},
  file = {felzenszwalb04efficient.pdf:felzenszwalb04efficient.pdf:PDF},
  owner = {jmaye},
  pdf = {felzenszwalb04efficient.pdf},
  timestamp = {2010.02.05}
}

@INPROCEEDINGS{fergus03object,
  author = {Fergus, R. and Perona, P. and Zisserman, A.},
  title = {Object class recognition by unsupervised scale-invariant learning},
  booktitle = {Proc. of the 16th IEEE Conference on Computer Vision and Pattern
	Recognition (CVPR)},
  year = {2003},
  file = {fergus03object.pdf:fergus03object.pdf:PDF},
  pdf = {fergus03object.pdf}
}

@ARTICLE{ferrari10images,
  author = {Vittorio Ferrari and Frederic Jurie and Cordelia Schmid},
  title = {From Images to Shape Models for Object Detection},
  journal = {International Journal of Computer Vision (IJCV)},
  year = {2010},
  number = {3},
  month = {Maye},
  volume = {87},
  pages = {284–303},
  file = {ferrari10images.pdf:ferrari10images.pdf:PDF},
  owner = {jmaye},
  pdf = {ferrari10images.pdf},
  timestamp = {2010.04.16}
}

@INPROCEEDINGS{ferrari06object,
  author = {Vittorio Ferrari and Tinne Tuytelaars and Luc Van Gools},
  title = {Object Detection by Contour Segment Networks},
  booktitle = {Proc. of the 9th European Conference on Computer Vision (ECCV)},
  year = {2006},
  file = {ferrari06object.pdf:ferrari06object.pdf:PDF},
  owner = {jmaye},
  timestamp = {2010.08.06}
}

@INPROCEEDINGS{fisher95multi,
  author = {R. B. Fisher and P. Oliver},
  title = {Multi-Variate Cross-Correlation and Image Matching},
  booktitle = {Proc. of the 6th British Machine Vision Conference (BMVC)},
  year = {1995},
  pages = {623-632},
  month = sep,
  file = {fisher95multi.pdf:fisher95multi.pdf:PDF},
  owner = {jmaye},
  pdf = {fisher95multi.pdf},
  timestamp = {2010.02.04}
}

@INPROCEEDINGS{flint07thrift,
  author = {Alex Flint and Anthony Dick and Anton van den Hengel},
  title = {Thrift: Local 3D Structure Recognition},
  booktitle = {Proc. of the Digital Image Computing Techniques and Applications
	Conference (DICTA)},
  year = {2007},
  file = {flint07thrift.pdf:flint07thrift.pdf:PDF},
  owner = {jmaye},
  pdf = {flint07thrift.pdf},
  timestamp = {2010.04.23}
}

@ARTICLE{flusser10implicit,
  author = {Jan Flusser and Jaroslav Kautsky and Filip Sroubek},
  title = {Implicit Moment Invariants},
  journal = {International Journal of Computer Vision (IJCV)},
  year = {2010},
  volume = {86},
  pages = {72-86},
  file = {flusser10implicit.pdf:flusser10implicit.pdf:PDF},
  owner = {jmaye},
  timestamp = {2010.05.30}
}

@INPROCEEDINGS{forstner09completeness,
  author = {Wolfgang Foerstner and Timo Dickscheid and Falko Schindler},
  title = {On the Completeness of Coding with Image Features},
  booktitle = {Proc. of the 20th British Machine Vision Conference (BMVC)},
  year = {2009},
  file = {forstner09completeness.pdf:forstner09completeness.pdf:PDF},
  pdf = {forstner09completeness.pdf}
}

@ARTICLE{fossati10canonical,
  author = {Andrea Fossati and Miodrag Dimitrijevic and Vincent Lepetit and Pascal
	Fua},
  title = {From Canonical Poses to 3D Motion Capture Using a Single Camera},
  journal = {IEEE Transactions on Pattern Analysis and Machine Intelligence (PAMI)},
  year = {2010},
  number = {7},
  month = {July},
  volume = {32},
  pages = {1165-1181},
  file = {fossati10canonical.pdf:fossati10canonical.pdf:PDF},
  owner = {jmaye},
  timestamp = {2010.05.28}
}

@ARTICLE{fox10bayesian,
  author = {Emily B. Fox and Erik B. Sudderth and Michael I. Jordan and Alan
	S. Willsky},
  title = {Bayesian Nonparametric Learning of Markov Switching Process},
  journal = {IEEE Signal Processing Magazine},
  year = {2010},
  month = {November},
  pages = {43-54},
  file = {fox10bayesian.pdf:fox10bayesian.pdf:PDF},
  owner = {jmaye},
  timestamp = {2011.01.04}
}

@ARTICLE{freeman95orientation,
  author = {Freeman, W.T. and Roth, M.},
  title = {Orientation histograms for hand gesture recognition},
  journal = {Mitsubishi Electric Research Labs., 201},
  year = {1995},
  file = {freeman95orientation.pdf:freeman95orientation.pdf:PDF},
  pdf = {freeman95orientation.pdf}
}

@INPROCEEDINGS{freifeld10contour,
  author = {Oren Freifeld and Alexander Weiss and Silvia Zuffi and Michael J.
	Black},
  title = {Contour People: A Parameterized Model of 2D Articulated Human Shape},
  booktitle = {Proc. of the 23nd IEEE Conference on Computer Vision and Pattern
	Recognition (CVPR)},
  year = {2010},
  file = {freifeld10contour.pdf:freifeld10contour.pdf:PDF},
  owner = {jmaye},
  timestamp = {2010.08.04}
}

@INPROCEEDINGS{frintrop10visual,
  author = {S. Frintrop and A. B. Cremers},
  title = {Visual Landmark Generation and Redetection with a Single Feature
	Per Frame},
  booktitle = {Proc. of The IEEE International Conference on Robotics and Automation
	(ICRA)},
  year = {2010},
  month = {May},
  file = {frintrop10visual.pdf:frintrop10visual.pdf:PDF},
  owner = {jmaye},
  pdf = {frintrop10visual.pdf},
  timestamp = {2010.03.09}
}

@INPROCEEDINGS{fritz05integrating,
  author = {Mario Fritz and Bastian Leibe and Barbara Caputo and Bernt Schiele},
  title = {Integrating Representative and Discriminant Models for Object Category
	Detection},
  booktitle = {Proc. of the 10th IEEE International Conference on Computer Vision
	(ICCV)},
  year = {2005},
  file = {fritz05integrating.pdf:fritz05integrating.pdf:PDF},
  owner = {jmaye},
  pdf = {fritz05integrating.pdf},
  timestamp = {2010.01.20}
}

@ARTICLE{fukunaga75estimation,
  author = {Keinosuke Fukunaga and Larry D. Hostetler},
  title = {The Estimation of the Gradient of a Density Function, with Applications
	in Pattern Recognition},
  journal = {IEEE Transactions on Information Theory (IT)},
  year = {1975},
  number = {1},
  month = {January},
  volume = {21},
  pages = {32-40},
  file = {fukunaga75estimation.pdf:fukunaga75estimation.pdf:PDF},
  owner = {jmaye},
  pdf = {fukunaga75estimation.pdf},
  timestamp = {2010.01.28}
}

@INPROCEEDINGS{gael08infinite,
  author = {Jurgen Van Gael and Yee Whye Teh and Zoubin Ghahramani},
  title = {The Infinite Factorial Hidden Markov Model},
  booktitle = {Proc. of the 22nd Annual Conference on Neural Information Processing
	Systems (NIPS)},
  year = {2008},
  file = {gael08infinite.pdf:gael08infinite.pdf:PDF},
  owner = {jmaye},
  timestamp = {2010.12.14}
}

@INPROCEEDINGS{gall09class,
  author = {Gall, J. and Lempitsky, V.},
  title = {Class-specific hough forests for object detection},
  booktitle = {Proc. of the 22nd IEEE Conference on Computer Vision and Pattern
	Recognition (CVPR)},
  year = {2009},
  file = {gall09class.pdf:gall09class.pdf:PDF},
  pdf = {gall09class.pdf}
}

@INPROCEEDINGS{galleguillos10multi,
  author = {Carolina Galleguillos and Brian McFee and Serge Belongie and Gert
	Lanckriet},
  title = {Multi-Class Object Localization by Combining Local Contextual Interactions},
  booktitle = {Proc. of the 23nd IEEE Conference on Computer Vision and Pattern
	Recognition (CVPR)},
  year = {2010},
  file = {galleguillos10multi.pdf:galleguillos10multi.pdf:PDF},
  owner = {jmaye},
  timestamp = {2010.08.04}
}

@INPROCEEDINGS{ganapathi10real,
  author = {Varun Ganapathi and Christian Plagemann and Daphne Koller and Sebastian
	Thrun},
  title = {Real Time Motion Capture Using a Single Time-Of-Flight Camera},
  booktitle = {Proc. of the 23nd IEEE Conference on Computer Vision and Pattern
	Recognition (CVPR)},
  year = {2010},
  file = {ganapathi10real.pdf:ganapathi10real.pdf:PDF},
  owner = {jmaye},
  timestamp = {2010.08.04}
}

@INPROCEEDINGS{gao10online,
  author = {Chao Gao and John R. Spletzer},
  title = {On-line Calibration of Multiple LIDARs on a Mobile Vehicle Platform},
  booktitle = {Proc. of The IEEE International Conference on Robotics and Automation
	(ICRA)},
  year = {2010},
  month = {May},
  file = {gao10online.pdf:gao10online.pdf:PDF},
  owner = {jmaye},
  pdf = {gao10online.pdf},
  timestamp = {2010.03.09}
}

@ARTICLE{garcia10lcmine,
  author = {Milton Garcıa-Borroto and Jose Fco. Martınez-Trinidad and Jesus Ariel
	Carrasco-Ochoa and Miguel Angel Medina-Perez and Jose Ruiz-Shulcloper},
  title = {LCMine: An efficient algorithm for mining discriminative regularities
	and its application in supervised classification},
  journal = {Pattern Recognition (PR)},
  year = {2010},
  volume = {43},
  pages = {3025–3034},
  file = {garcia10lcmine.pdf:garcia10lcmine.pdf:PDF},
  owner = {jmaye},
  timestamp = {2010.05.28}
}

@INPROCEEDINGS{gavrila99real,
  author = {Gavrila, DM and Philomin, V.},
  title = {Real-time object detection for “smart” vehicles},
  booktitle = {Proc. of the 7th IEEE International Conference on Computer Vision
	(ICCV)},
  year = {1999},
  volume = {1},
  month = sep,
  file = {gavrila99real.pdf:gavrila99real.pdf:PDF},
  pdf = {gavrila99real.pdf}
}

@INPROCEEDINGS{gehler09feature,
  author = {Peter Gehler and Sebastian Nowozin},
  title = {On Feature Combination for Multiclass Object Classification},
  booktitle = {Proc. of the 12th IEEE International Conference on Computer Vision
	(ICCV)},
  year = {2009},
  file = {gehler09feature.pdf:gehler09feature.pdf:PDF},
  pdf = {gehler09feature.pdf}
}

@INPROCEEDINGS{gehler09kernel,
  author = {Gehler, P.V. and Nowozin, S.},
  title = {Let the kernel figure it out; Principled learning of pre-processing
	for kernel classifiers},
  booktitle = {Proc. of the 22nd IEEE Conference on Computer Vision and Pattern
	Recognition (CVPR)},
  year = {2009},
  pages = {2836-2843},
  month = {June},
  file = {gehler09kernel.pdf:gehler09kernel.pdf:PDF},
  pdf = {gehler09kernel.pdf}
}

@ARTICLE{gemert10comparing,
  author = {Jan C. van Gemert and Cees G.M. Snoek and Cor J. Veenman and Arnold
	W.M. Smeulders and Jan-Mark Geusebroek},
  title = {Comparing compact codebooks for visual categorization},
  journal = {Computer Vision and Image Understanding},
  year = {2010},
  volume = {114},
  pages = {450-462},
  file = {gemert10comparing.pdf:gemert10comparing.pdf:PDF},
  owner = {jmaye},
  timestamp = {2011.01.04}
}

@ARTICLE{geronimo10survey,
  author = {David Geronimo and Antonio M. Lopez and Angel D. Sappa and Thorsten
	Graf},
  title = {Survey of Pedestrian Detection for Advanced Driver Assistance Systems},
  journal = {IEEE Transactions on Pattern Analysis and Machine Intelligence (PAMI)},
  year = {2010},
  number = {7},
  month = {July},
  volume = {32},
  pages = {1239-1258},
  file = {geronimo10survey.pdf:geronimo10survey.pdf:PDF},
  owner = {jmaye},
  timestamp = {2010.05.28}
}

@INPROCEEDINGS{ghahramani06bayesian,
  author = {Zoubin Ghahramani and Thomas L. Griffiths and Peter Sollich},
  title = {Bayesian nonparametric latent feature models},
  booktitle = {Proc. Valencia / ISBA 8th World Meeting on Bayesian Statistics},
  year = {2006},
  file = {ghahramani06bayesian.pdf:ghahramani06bayesian.pdf:PDF},
  owner = {jmaye},
  timestamp = {2010.12.20}
}

@INPROCEEDINGS{girdhar10online,
  author = {Yogesh Girdhar and Gregory Dudek},
  title = {Online Navigation Summaries},
  booktitle = {Proc. of The IEEE International Conference on Robotics and Automation
	(ICRA)},
  year = {2010},
  month = {May},
  file = {girdhar10online.pdf:girdhar10online.pdf:PDF},
  owner = {jmaye},
  pdf = {girdhar10online.pdf},
  timestamp = {2010.03.09}
}

@INPROCEEDINGS{girdhar10onsum,
  author = {Yogesh Girdhar and Gregory Dudek},
  title = {ONSUM: A System for Generating Online Navigation Summaries},
  booktitle = {Proc. of the IEEE/RSJ International Conference on Intelligent Robots
	and Systems (IROS)},
  year = {2010},
  file = {girdhar10onsum.pdf:girdhar10onsum.pdf:PDF},
  owner = {jmaye},
  timestamp = {2011.01.04}
}

@INPROCEEDINGS{goferman10context,
  author = {Stas Goferman and Lihi Zelnik-Manor and Ayellet Tal},
  title = {Context-Aware Saliency Detection},
  booktitle = {Proc. of the 23nd IEEE Conference on Computer Vision and Pattern
	Recognition (CVPR)},
  year = {2010},
  file = {goferman10context.pdf:goferman10context.pdf:PDF},
  owner = {jmaye},
  timestamp = {2010.08.04}
}

@ARTICLE{gosselin06feature,
  author = {Philippe H. Gosselin and Matthieu Cord},
  title = {Feature-based approach to semi-supervised similarity learning},
  journal = {Pattern Recognition (PR)},
  year = {2006},
  volume = {39},
  pages = {1839 – 1851},
  file = {gosselin06feature.pdf:gosselin06feature.pdf:PDF},
  owner = {jmaye},
  timestamp = {2010.05.28}
}

@INPROCEEDINGS{gould09decomposing,
  author = {Gould, S. and Fulton, R. and Koller, D.},
  title = {Decomposing a Scene into Geometric and Semantically Consistent Regions},
  booktitle = {Proc. of the 12th IEEE International Conference on Computer Vision
	(ICCV)},
  year = {2009},
  file = {gould09decomposing.pdf:gould09decomposing.pdf:PDF},
  pdf = {gould09decomposing.pdf}
}

@INPROCEEDINGS{gould09region,
  author = {Stephen Gould and Tianshi Gao and Daphne Koller},
  title = {Region-based Segmentation and Object Detection},
  booktitle = {Proc. of the 23rd Annual Conference on Neural Information Processing
	Systems (NIPS)},
  year = {2009},
  file = {gould09region.pdf:gould09region.pdf:PDF},
  owner = {jmaye},
  pdf = {gould09region.pdf},
  timestamp = {2010.01.11}
}

@INPROCEEDINGS{grabner10tracking,
  author = {Helmut Grabner and Jiri Matas and Luc Van Gool and Philippe Cattin},
  title = {Tracking the Invisible: Learning Where the Object Might be},
  booktitle = {Proc. of the 23nd IEEE Conference on Computer Vision and Pattern
	Recognition (CVPR)},
  year = {2010},
  file = {grabner10tracking.pdf:grabner10tracking.pdf:PDF},
  owner = {jmaye},
  timestamp = {2010.08.04}
}

@INPROCEEDINGS{griffiths04finding,
  author = {Thomas L. Griffiths and Mark Steyvers},
  title = {Finding scientific topics},
  booktitle = {Proc. of the National Academy of Sciences of the United States of
	America (PNAS)},
  year = {2004},
  file = {griffiths04finding.pdf:griffiths04finding.pdf:PDF},
  owner = {jmaye},
  timestamp = {2010.12.06}
}

@INPROCEEDINGS{grzonka10mapping,
  author = {Slawomir Grzonka and Frederic Dijoux and Andreas Karwath and Wolfram
	Burgard},
  title = {Mapping Indoor Environments Based on Human Activity},
  booktitle = {Proc. of The IEEE International Conference on Robotics and Automation
	(ICRA)},
  year = {2010},
  month = {May},
  file = {grzonka10mapping.pdf:grzonka10mapping.pdf:PDF},
  owner = {jmaye},
  pdf = {grzonka10mapping.pdf},
  timestamp = {2010.03.09}
}

@INPROCEEDINGS{gu09recognition,
  author = {Chunhui Gu and Lim, J.J. and Arbelaez, P. and Malik, J.},
  title = {Recognition using regions},
  booktitle = {Proc. of the 22nd IEEE Conference on Computer Vision and Pattern
	Recognition (CVPR)},
  year = {2009},
  pages = {1030-1037},
  month = {June},
  file = {gu09recognition.pdf:gu09recognition.pdf:PDF},
  pdf = {gu09recognition.pdf}
}

@INPROCEEDINGS{gu10recognition,
  author = {Chunhui Gu and Joseph J. Lim and Pablo Arbeleza and Jitendra Malik},
  title = {Recognition using Regions},
  booktitle = {Proc. of the 23nd IEEE Conference on Computer Vision and Pattern
	Recognition (CVPR)},
  year = {2010},
  file = {gu10recognition.pdf:gu10recognition.pdf:PDF},
  owner = {jmaye},
  timestamp = {2010.08.04}
}

@INPROCEEDINGS{guillaumin10multimodal,
  author = {Matthieu Guillaumin and Jakob Verbeek and Cordelia Schmid},
  title = {Multimodal semi-supervised learning for image classification},
  booktitle = {Proc. of the 23nd IEEE Conference on Computer Vision and Pattern
	Recognition (CVPR)},
  year = {2010},
  file = {guillaumin10multimodal.pdf:guillaumin10multimodal.pdf:PDF},
  owner = {jmaye},
  timestamp = {2010.08.04}
}

@INPROCEEDINGS{guizilini10multi,
  author = {Vitor Guizilini and Fabio Ramos},
  title = {Multi-Task Learning of Visual Odometry Estimators},
  booktitle = {Proc. of the 12th International Symposium on Experimental Robotics
	(ISER)},
  year = {2010},
  file = {guizilini10multi.pdf:guizilini10multi.pdf:PDF},
  owner = {jmaye},
  timestamp = {2011.01.18}
}

@INPROCEEDINGS{gupta10concurrent,
  author = {Rachana Ashok Gupta and Wesley Snyder and W. Shepherd Pitts},
  title = {Concurrent visual multiple lane detection for autonomous vehicles},
  booktitle = {Proc. of The IEEE International Conference on Robotics and Automation
	(ICRA)},
  year = {2010},
  month = {May},
  file = {gupta10concurrent.pdf:gupta10concurrent.pdf:PDF},
  owner = {jmaye},
  pdf = {gupta10concurrent.pdf},
  timestamp = {2010.03.09}
}

@ARTICLE{hamsici09rotation,
  author = {Onur C. Hamsici and Aleix M. Martinez},
  title = {Rotation Invariant Kernels and Their Application to Shape Analysis},
  journal = {IEEE Transactions on Pattern Analysis and Machine Intelligence (PAMI)},
  year = {2009},
  number = {11},
  month = {November},
  volume = {31},
  pages = {1985-1999},
  file = {hamsici09rotation.pdf:hamsici09rotation.pdf:PDF},
  owner = {jmaye},
  pdf = {hamsici09rotation.pdf},
  timestamp = {2010.03.11}
}

@INPROCEEDINGS{harris88combined,
  author = {Chris Harris and Mike Stephens},
  title = {A combined corner and edge detector},
  booktitle = {Proc. of the 4th Alvey Vision Conference},
  year = {1988},
  file = {harris88combined.pdf:harris88combined.pdf:PDF},
  pdf = {harris88combined.pdf}
}

@INPROCEEDINGS{harzallah09combining,
  author = {Hedi Harzallah and Frederic Jurie and Cordelia Schmid},
  title = {Combining efficient object localization and image classification},
  booktitle = {Proc. of the 12th IEEE International Conference on Computer Vision
	(ICCV)},
  year = {2009},
  file = {harzallah09combining.pdf:harzallah09combining.pdf:PDF},
  pdf = {harzallah09combining.pdf}
}

@INPROCEEDINGS{hasler10multilinear,
  author = {Nils Hasler and Hanno Ackermann and Bodo Rosenhahn and Thorsten Thormahlen
	and Hans-Peter Seidel},
  title = {Multilinear Pose and Body Shape Estimation of Dressed Subjects from
	Image Sets},
  booktitle = {Proc. of the 23nd IEEE Conference on Computer Vision and Pattern
	Recognition (CVPR)},
  year = {2010},
  file = {hasler10multilinear.pdf:hasler10multilinear.pdf:PDF},
  owner = {jmaye},
  timestamp = {2010.08.04}
}

@INPROCEEDINGS{he04multiscale,
  author = {Xuming He and Richard S. Zemela and Miguel A. Carreira-Perpinan},
  title = {Multiscale Conditional Random Fields for Image Labeling},
  booktitle = {Proc. of the 17th IEEE Conference on Computer Vision and Pattern
	Recognition (CVPR)},
  year = {2004},
  file = {he04multiscale.pdf:he04multiscale.pdf:PDF},
  owner = {jmaye},
  timestamp = {2011.01.04}
}

@INPROCEEDINGS{helmer10using,
  author = {Scott Helmer and David Lowe},
  title = {Using Stereo for Object Recognition},
  booktitle = {Proc. of The IEEE International Conference on Robotics and Automation
	(ICRA)},
  year = {2010},
  month = {May},
  file = {helmer10using.pdf:helmer10using.pdf:PDF},
  owner = {jmaye},
  pdf = {helmer10using.pdf},
  timestamp = {2010.03.09}
}

@INPROCEEDINGS{heracles10vision,
  author = {Martin Heracles and Fernando Martinelli and Jannik Fritsch},
  title = {Vision-Based Behavior Prediction in Urban Traffic Environments by
	Scene Categorization},
  booktitle = {Proc. Brit. Mach. Vis. Conf.},
  year = {2010},
  file = {heracles10vision.pdf:heracles10vision.pdf:PDF},
  owner = {jmaye},
  timestamp = {2010.12.13}
}

@ARTICLE{hess90control,
  author = {Ronald A. Hess and Ali Modjtahedzadeh},
  title = {A control theoretic model of driver steering behavior},
  journal = {IEEE Control. Syst. Mag.},
  year = {1990},
  number = {5},
  volume = {10},
  pages = {3-8},
  file = {hess90control.pdf:hess90control.pdf:PDF},
  owner = {jmaye},
  timestamp = {2011.01.28}
}

@ARTICLE{ho10martingale,
  author = {Shen-Shyang Ho and Harry Wechsler},
  title = {A Martingale Framework for Detecting Changes in Data Streams by Testing
	Exchangeability},
  journal = {IEEE Transactions on Pattern Analysis and Machine Intelligence (PAMI)},
  year = {2010},
  number = {12},
  month = {December},
  volume = {32},
  pages = {2113-2127},
  file = {ho10martingale.pdf:ho10martingale.pdf:PDF},
  owner = {jmaye},
  timestamp = {2011.01.04}
}

@ARTICLE{hoang10embedding,
  author = {N.V. Hoang and V. Gouet-Brunet and M. Rukoz and M. Manouvrier},
  title = {Embedding spatial information into image content description for
	scene retrieval},
  journal = {Pattern Recognition(PR)},
  year = {2010},
  volume = {43},
  pages = {3013–3024},
  file = {hoang10embedding.pdf:hoang10embedding.pdf:PDF},
  owner = {jmaye},
  timestamp = {2010.05.28}
}

@INPROCEEDINGS{hoffman10online,
  author = {Matthew D. Hoffman and David M. Blei and Francis Bach},
  title = {Online Learning for Latent Dirichlet Allocation},
  booktitle = {Proc. of the 24th Annual Conference on Neural Information Processing
	Systems (NIPS)},
  year = {2010},
  file = {hoffman10online.pdf:hoffman10online.pdf:PDF},
  owner = {jmaye},
  timestamp = {2010.12.14}
}

@ARTICLE{hofmann01unsupervised,
  author = {Thomas Hofmann},
  title = {Unsupervised Learning by Probabilistic Latent Semantic Analysis},
  journal = {Machine Learning},
  year = {2001},
  volume = {42},
  pages = {177-196},
  file = {hofmann01unsupervised.pdf:hofmann01unsupervised.pdf:PDF},
  owner = {jmaye},
  timestamp = {2010.11.16}
}

@INPROCEEDINGS{hoiem06putting,
  author = {Hoiem, D. and Efros, A.A. and Hebert, M.},
  title = {Putting Objects in Perspective},
  booktitle = {Proc. of the 19th IEEE Conference on Computer Vision and Pattern
	Recognition (CVPR)},
  year = {2006},
  volume = {2},
  pages = { 2137-2144},
  file = {hoiem06putting.pdf:hoiem06putting.pdf:PDF},
  pdf = {hoiem06putting.pdf}
}

@ARTICLE{hojjatoleslami98region,
  author = {S.A Hojjatoleslami and J. Kittler},
  title = {Region Growing: A New Approach},
  journal = {IEEE Transactions on Image Processing (IP)},
  year = {1998},
  number = {7},
  month = jul,
  volume = {7},
  pages = {1079-1084},
  file = {hojjatoleslami98region.pdf:hojjatoleslami98region.pdf:PDF},
  owner = {jmaye},
  pdf = {hojjatoleslami98region.pdf},
  timestamp = {2010.02.05}
}

@ARTICLE{hol10modeling,
  author = {Jeroen D. Hol and Thomas B. Schön and Fredrik Gustafsson},
  title = {Modeling and Calibration of Inertial and Vision Sensors},
  journal = {The International Journal of Robotics Research (IJRR)},
  year = {2010},
  number = {2-3},
  month = {February},
  volume = {29},
  pages = {231-244},
  file = {hol10modeling.pdf:hol10modeling.pdf:PDF},
  owner = {jmaye},
  timestamp = {2010.05.28}
}

@INPROCEEDINGS{hu09action,
  author = {Yuxiao Hu and Liangliang Cao Fengjun Lv Shuicheng Yan Yihong Gong
	and Thomas S. Huang},
  title = {Action Detection in Complex Scenes with Spatial and Temporal Ambiguities},
  booktitle = {Proc. of the 12th IEEE International Conference on Computer Vision
	(ICCV)},
  year = {2009},
  file = {hu09action.pdf:hu09action.pdf:PDF},
  owner = {jmaye},
  timestamp = {2010.08.04}
}

@INPROCEEDINGS{huang10probabilistic,
  author = {Albert S. Huang and Seth Teller},
  title = {Probabilistic Lane Estimation using Basis Curves},
  booktitle = {Proc. of the 6th Robotics: Science and Systems Conference (RSS)},
  year = {2010},
  file = {huang10probabilistic.pdf:huang10probabilistic.pdf:PDF},
  owner = {jmaye},
  timestamp = {2010.08.04}
}

@INPROCEEDINGS{huang08automatic,
  author = {Hua Huang and Chao Chen and Yulan Jia and Shuming Tang},
  title = {Automatic Detection and Recognition of Circular Road Sign},
  booktitle = {Proc. of the IEEE/ASME International Conference on Mechatronic and
	Embedded Systems and Applications (MESA)},
  year = {2008},
  file = {huang08automatic.pdf:huang08automatic.pdf:PDF},
  owner = {jmaye},
  pdf = {huang08automatic.pdf},
  timestamp = {2010.02.08}
}

@INPROCEEDINGS{hutchins08probabilistic,
  author = {Jon Hutchins and Alexander Ihler and Padhraic Smyth},
  title = {Probabilistic Analysis of a Large-Scale Urban Traffic Sensor Data
	Set},
  booktitle = {Proc. of the 14th ACM SIGKDD Conference on Knowledge Discovery and
	Data Mining (KDD)},
  year = {2008},
  file = {hutchins08probabilistic.pdf:hutchins08probabilistic.pdf:PDF},
  owner = {jmaye},
  timestamp = {2011.01.04}
}

@INPROCEEDINGS{ihler06adaptive,
  author = {Alexander Ihler and Jon Hutchins and Padhraic Smyth},
  title = {Adaptive Event Detection with Time–Varying Poisson Processes},
  booktitle = {Proc. of the 12th ACM SIGKDD Conference on Knowledge Discovery and
	Data Mining (KDD)},
  year = {2006},
  file = {ihler06adaptive.pdf:ihler06adaptive.pdf:PDF},
  owner = {jmaye},
  timestamp = {2011.01.04}
}

@INPROCEEDINGS{ihler06learning,
  author = {Alexander T. Ihler and Padhraic Smyth},
  title = {Learning Time-Intensity Profiles of Human Activity using Non-Parametric
	Bayesian Models},
  booktitle = {Proc. of the 20th Annual Conference on Neural Information Processing
	Systems (NIPS)},
  year = {2006},
  file = {ihler06learning.pdf:ihler06learning.pdf:PDF},
  owner = {jmaye},
  timestamp = {2010.12.14}
}

@INPROCEEDINGS{iivarinen97comparison,
  author = {Iivarinen, J. and Peura, M. and Sarela, J. and Visa, A.},
  title = {Comparison of combined shape descriptors for irregular objects},
  booktitle = {Proc. of the 8th British Machine Vision Conference (BMVC)},
  year = {1997},
  volume = {2},
  pages = {430--39},
  organization = {Citeseer},
  file = {iivarinen97comparison.pdf:iivarinen97comparison.pdf:PDF},
  pdf = {iivarinen97comparison.pdf}
}

@INPROCEEDINGS{jain10learning,
  author = {Arpit Jain and Abhinav Gupta and Larry S. Davis},
  title = {Learning What and How of Contextual Models for Scene Labeling},
  booktitle = {Proc. of the 11th European Conference on Computer Vision (ECCV)},
  year = {2010},
  file = {jain10learning.pdf:jain10learning.pdf:PDF},
  owner = {jmaye},
  timestamp = {2010.08.04}
}

@INPROCEEDINGS{jain10active,
  author = {Prateek Jain and Ashish Kapoor},
  title = {Active Learning for Large Multi-class Problems},
  booktitle = {Proc. of the 23nd IEEE Conference on Computer Vision and Pattern
	Recognition (CVPR)},
  year = {2010},
  file = {jain10active.pdf:jain10active.pdf:PDF},
  owner = {jmaye},
  timestamp = {2010.08.04}
}

@INPROCEEDINGS{ji10towards,
  author = {Rongrong Ji and Hongxun Yao and Xiaoshuai Sun and Bineng Zhong and
	Wen Gao},
  title = {Towards Semantic Embedding in Visual Vocabulary},
  booktitle = {Proc. of the 23nd IEEE Conference on Computer Vision and Pattern
	Recognition (CVPR)},
  year = {2010},
  file = {ji10towards.pdf:ji10towards.pdf:PDF},
  owner = {jmaye},
  timestamp = {2010.08.04}
}

@INPROCEEDINGS{jiang10learning,
  author = {Tingting Jiang and Frederic Jurie and Cordelia Schmid},
  title = {Learning Shape Prior Models for Object Matching},
  booktitle = {Proc. of the 23nd IEEE Conference on Computer Vision and Pattern
	Recognition (CVPR)},
  year = {2010},
  file = {jiang10learning.pdf:jiang10learning.pdf:PDF},
  owner = {jmaye},
  timestamp = {2010.08.04}
}

@INPROCEEDINGS{joho10searching,
  author = {Dominik Joho and Wolfram Burgard},
  title = {Searching for Objects: Combining Multiple Cues to Object Locations
	Using a Maximum Entropy Model},
  booktitle = {Proc. of The IEEE International Conference on Robotics and Automation
	(ICRA)},
  year = {2010},
  month = {May},
  file = {joho10searching.pdf:joho10searching.pdf:PDF},
  owner = {jmaye},
  pdf = {joho10searching.pdf},
  timestamp = {2010.03.09}
}

@INPROCEEDINGS{kaestner10bayesian,
  author = {Ralf Kaestner and Nikolas Engelhard and Rudolph Triebel and Roland
	Siegwart},
  title = {A {B}ayesian approach to learning 3{D} representations of dynamic
	environments},
  booktitle = {Proc. of the 12th International Symposium on Experimental Robotics
	(ISER)},
  year = {2010},
  file = {kaestner10bayesian.pdf:kaestner10bayesian.pdf:PDF},
  owner = {jmaye},
  timestamp = {2010.11.26}
}

@INPROCEEDINGS{kafer10recognition,
  author = {Eugen Kafer and Christoph Hermes and Christian Wohler and Helge Ritter
	and Franz Kummert},
  title = {Recognition of Situation Classes at Road Intersections},
  booktitle = {Proc. of The IEEE International Conference on Robotics and Automation
	(ICRA)},
  year = {2010},
  month = {May},
  file = {kafer10recognition.pdf:kafer10recognition.pdf:PDF},
  owner = {jmaye},
  pdf = {kafer10recognition.pdf},
  timestamp = {2010.03.09}
}

@ARTICLE{kanda10communication,
  author = {Takayuki Kanda and Masahiro Shiomi and Zenta Miyashita and Hiroshi
	Ishigu and Norihiro Hagita},
  title = {A Communication Robot in a Shopping Mall},
  journal = {IEEE Transactions on Robotics},
  year = {2010},
  number = {5},
  month = {October},
  volume = {26},
  pages = {897-913},
  file = {kanda10communication.pdf:kanda10communication.pdf:PDF},
  owner = {jmaye},
  timestamp = {2011.01.04}
}

@ARTICLE{kapoor10gaussian,
  author = {Ashish Kapoor and Kristen Grauman and Raquel Urtasun and Trevor Darrell},
  title = {Gaussian Processes for Object Categorization},
  journal = {International Journal of Computer Vision (IJCV)},
  year = {2010},
  number = {2},
  month = {June},
  volume = {88},
  pages = {169–188},
  file = {kapoor10gaussian.pdf:kapoor10gaussian.pdf:PDF},
  owner = {jmaye},
  pdf = {kapoor10gaussian.pdf},
  timestamp = {2010.04.16}
}

@INPROCEEDINGS{karlinsky10chains,
  author = {Leonid Karlinsky and Michael Dinerstein and Daniel Harari and Shimon
	Ullman},
  title = {The chains model for detecting parts by their context},
  booktitle = {Proc. of the 23nd IEEE Conference on Computer Vision and Pattern
	Recognition (CVPR)},
  year = {2010},
  file = {karlinsky10chains.pdf:karlinsky10chains.pdf:PDF},
  owner = {jmaye},
  timestamp = {2010.08.04}
}

@ARTICLE{kass95bayes,
  author = {Robert E. Kass and Adrian E. Raftery},
  title = {Bayes Factors},
  journal = {J. Americ. Stat. Assoc.},
  year = {1995},
  file = {kass95bayes.pdf:kass95bayes.pdf:PDF},
  owner = {jmaye},
  timestamp = {2011.02.10}
}

@ARTICLE{katz10track,
  author = {Roman Katz and Juan Nieto and Eduardo Nebot and Bertrand Douillard},
  title = {Track-based self-supervised classification of dynamic obstacles},
  journal = {Autonomous Robot},
  year = {2010},
  volume = {29},
  pages = {219-233},
  file = {katz10track.pdf:katz10track.pdf:PDF},
  owner = {jmaye},
  timestamp = {2011.01.04}
}

@ARTICLE{kawewong10online,
  author = {Aram Kawewong and Noppharit Tongprasit and Sirinart Tangruamsub and
	Osamu Hasegawa},
  title = {Online and Incremental Appearance-based SLAM in Highly Dynamic Environments},
  journal = {The International Journal of Robotics Research (IJRR)},
  year = {2010},
  note = {Online},
  file = {kawewong10online.pdf:kawewong10online.pdf:PDF},
  owner = {jmaye},
  timestamp = {2011.01.04}
}

@INPROCEEDINGS{ke04pca,
  author = {Yan Ke and Rahul Sukthankar},
  title = {PCA-SIFT: A More Distinctive Representation for Local Image Descriptors},
  booktitle = {Proc. of the 17th IEEE Conference on Computer Vision and Pattern
	Recognition (CVPR)},
  year = {2004},
  pages = {506--513},
  file = {ke04pca.pdf:ke04pca.pdf:PDF},
  pdf = {ke04pca.pdf}
}

@ARTICLE{khan09tracking,
  author = {Saad M. Khan and Mubarak Shah},
  title = {Tracking Multiple Occluding People by Localizing on Multiple Scene
	Planes},
  journal = {IEEE Transactions on Pattern Analysis and Machine Intelligence (PAMI)},
  year = {2009},
  number = {3},
  month = {March},
  volume = {31},
  pages = {505-519},
  file = {khan09tracking.pdf:khan09tracking.pdf:PDF},
  owner = {jmaye},
  pdf = {khan09tracking.pdf},
  timestamp = {2010.03.11}
}

@ARTICLE{kim09discriminative,
  author = {Minyoung Kim and Vladimir Pavlovic},
  title = {Discriminative Learning for Dynamic State Prediction},
  journal = {IEEE Transactions on Pattern Analysis and Machine Intelligence (PAMI)},
  year = {2009},
  number = {10},
  month = {October},
  volume = {31},
  pages = {1847-1861},
  file = {kim09discriminative.pdf:kim09discriminative.pdf:PDF},
  owner = {jmaye},
  pdf = {kim09discriminative.pdf},
  timestamp = {2010.03.11}
}

@INPROCEEDINGS{kiran09traffic,
  author = {Kiran, C.G. and Prabhu, L.V. and Abdu, R.V. and Rajeev, K.},
  title = {Traffic Sign Detection and Pattern Recognition using Support Vector
	Machine},
  booktitle = {Proc. of the 7th International Conference on Advances in Pattern
	Recognition (ICAPR)},
  year = {2009},
  file = {kiran09traffic.pdf:kiran09traffic.pdf:PDF},
  owner = {jmaye},
  pdf = {kiran09traffic.pdf},
  timestamp = {2010.02.08}
}

@ARTICLE{kiryati91probabilistic,
  author = {Kiryati, N. and Eldar, Y. and Bruckstein, A.M.},
  title = {A probabilistic Hough transform},
  journal = {Pattern Recognition (PR)},
  year = {1991},
  number = {4},
  volume = {24},
  pages = {303-316},
  file = {kiryati91probabilistic.pdf:kiryati91probabilistic.pdf:PDF},
  pdf = {kiryati91probabilistic.pdf},
  publisher = {Elsevier Ltd}
}

@INPROCEEDINGS{kjellstrom10tracking,
  author = {Hedvig Kjellstrom and Danica Kragig and Michael J. Black},
  title = {Tracking People Interacting with Objects},
  booktitle = {Proc. of the 23nd IEEE Conference on Computer Vision and Pattern
	Recognition (CVPR)},
  year = {2010},
  file = {kjellstrom10tracking.pdf:kjellstrom10tracking.pdf:PDF},
  owner = {jmaye},
  timestamp = {2010.08.04}
}

@ARTICLE{kjellstrom11visual,
  author = {Hedvig Kjellstrom and Javier Romero and Danica Kragic},
  title = {Visual object-action recognition: Inferring object affordances from
	human demonstration},
  journal = {Computer Vision and Image Understanding},
  year = {2011},
  volume = {115},
  pages = {81-90},
  file = {kjellstrom11visual.pdf:kjellstrom11visual.pdf:PDF},
  owner = {jmaye},
  timestamp = {2011.01.04}
}

@INPROCEEDINGS{koch10ground,
  author = {Olivier Koch and Matthew R. Walter and Albert S. Huang and Seth Teller},
  title = {Ground Robot Navigation using Uncalibrated Cameras},
  booktitle = {Proc. of The IEEE International Conference on Robotics and Automation
	(ICRA)},
  year = {2010},
  month = {May},
  file = {koch10ground.pdf:koch10ground.pdf:PDF},
  owner = {jmaye},
  pdf = {koch10ground.pdf},
  timestamp = {2010.03.09}
}

@INPROCEEDINGS{kolter10probabilistic,
  author = {J. Zico Kolter and Christian Plagemann and David T. Jackson and Andrew
	Y. Ng and Sebastian Thrun},
  title = {A Probabilistic Approach to Mixed Open-loop and Closed-loop Control,
	with Application to Extreme Autonomous Driving},
  booktitle = {Proc. of The IEEE International Conference on Robotics and Automation
	(ICRA)},
  year = {2010},
  month = {May},
  file = {kolter10probabilistic.pdf:kolter10probabilistic.pdf:PDF},
  owner = {jmaye},
  pdf = {kolter10probabilistic.pdf},
  timestamp = {2010.03.09}
}

@ARTICLE{kong10detecting,
  author = {Hui Kong and Jean-Yves Audibert and Jean Ponce},
  title = {Detecting Abandoned Objects With a Moving Camera},
  journal = {IEEE Transactions on Image Processing (IP)},
  year = {2010},
  number = {8},
  month = {August},
  volume = {19},
  pages = {2201-2210},
  file = {kong10detecting.pdf:kong10detecting.pdf:PDF},
  owner = {jmaye},
  timestamp = {2010.08.04}
}

@INPROCEEDINGS{kong09vanishing,
  author = {Hui Kong and Audibert, J.-Y. and Ponce, J.},
  title = {Vanishing point detection for road detection},
  booktitle = {Proc. of the 22nd IEEE Conference on Computer Vision and Pattern
	Recognition (CVPR)},
  year = {2009},
  pages = {96-103},
  month = {June},
  file = {kong09vanishing.pdf:kong09vanishing.pdf:PDF},
  pdf = {kong09vanishing.pdf}
}

@INPROCEEDINGS{konolige10projected,
  author = {Kurt Konolige},
  title = {Projected Texture Stereo},
  booktitle = {Proc. of The IEEE International Conference on Robotics and Automation
	(ICRA)},
  year = {2010},
  month = {May},
  file = {konolige10projected.pdf:konolige10projected.pdf:PDF},
  owner = {jmaye},
  pdf = {konolige10projected.pdf},
  timestamp = {2010.03.09}
}

@INPROCEEDINGS{konolige09towards,
  author = {Kurt Konolige and James Bowman},
  title = {Towards Lifelong Visual Maps},
  booktitle = {Proc. of the IEEE/RSJ International Conference on Intelligent Robots
	and Systems (IROS)},
  year = {2009},
  file = {konolige09towards.pdf:konolige09towards.pdf:PDF},
  pdf = {konolige09towards.pdf}
}

@ARTICLE{koppal09appearance,
  author = {Sanjeev J. Koppal and Srinivasa G. Narasimhan},
  title = {Appearance Derivatives for Isonormal Clustering of Scenes},
  journal = {IEEE Transactions on Pattern Analysis and Machine Intelligence (PAMI)},
  year = {2009},
  number = {8},
  month = {August},
  volume = {31},
  pages = {1375-1385},
  file = {koppal09appearance.pdf:koppal09appearance.pdf:PDF},
  owner = {jmaye},
  pdf = {koppal09appearance.pdf},
  timestamp = {2010.03.11}
}

@INPROCEEDINGS{kovashka10learning,
  author = {Adriana Kovashka and Kristen Grauman},
  title = {Learning a Hierarchy of Discriminative Space-Time Neighborhood Features
	for Human Action Recognition},
  booktitle = {Proc. of the 23nd IEEE Conference on Computer Vision and Pattern
	Recognition (CVPR)},
  year = {2010},
  file = {kovashka10learning.pdf:kovashka10learning.pdf:PDF},
  owner = {jmaye},
  timestamp = {2010.08.04}
}

@INPROCEEDINGS{kratz10tracking,
  author = {Louis Kratz and Ko Nishino},
  title = {Tracking with Local Spatio-Temporal Motion Patterns in Extremely
	Crowded Scenes},
  booktitle = {Proc. of the 23nd IEEE Conference on Computer Vision and Pattern
	Recognition (CVPR)},
  year = {2010},
  file = {kratz10tracking.pdf:kratz10tracking.pdf:PDF},
  owner = {jmaye},
  timestamp = {2010.08.04}
}

@INPROCEEDINGS{kuettel10what,
  author = {Daniel Kuettel and Michael D. Breitenstein and Luc Van Gool and Vittorio
	Ferrari},
  title = {What’s going on? {D}iscovering Spatio-Temporal Dependencies in Dynamic
	Scenes},
  booktitle = {Proc. of the 23nd IEEE Conference on Computer Vision and Pattern
	Recognition (CVPR)},
  year = {2010},
  file = {kuettel10what.pdf:kuettel10what.pdf:PDF},
  owner = {jmaye},
  timestamp = {2010.08.04}
}

@INPROCEEDINGS{kumar10efficiently,
  author = {M. Pawan Kumar and Daphne Koller},
  title = {Efficiently Selecting Regions for Scene Understanding},
  booktitle = {Proc. of the 23nd IEEE Conference on Computer Vision and Pattern
	Recognition (CVPR)},
  year = {2010},
  file = {kumar10efficiently.pdf:kumar10efficiently.pdf:PDF},
  owner = {jmaye},
  timestamp = {2010.08.04}
}

@INPROCEEDINGS{kuemmerle09large,
  author = {Rainer Kummerle and Alexander Kleiner and Bastian Steder and Christian
	Dornhege and Giorgio Grisetti and Wolfram Burgard},
  title = {Large Scale Graph-based SLAM using Aerial Images as Prior Information},
  booktitle = {Proc. of the 5th Robotics: Science and Systems Conference (RSS)},
  year = {2009},
  file = {kuemmerle09large.pdf:kuemmerle09large.pdf:PDF},
  owner = {jmaye},
  timestamp = {2011.01.04}
}

@ARTICLE{kuemmerle09measuring,
  author = {Rainer Kummerle and Bastian Steder and Christian Dornhege and Michael
	Ruhnke and Giorgio Grisetti and Cyrill Stachniss and Alexander Kleiner},
  title = {On Measuring the Accuracy of SLAM Algorithms},
  journal = {Autonomous Robot},
  year = {2009},
  number = {4},
  volume = {27},
  pages = {387-407},
  file = {kuemmerle09measuring.pdf:kuemmerle09measuring.pdf:PDF},
  owner = {jmaye},
  timestamp = {2011.01.04}
}

@INPROCEEDINGS{kuo10multi,
  author = {Cheng-Hao Kuo and Chang Huang and Ramakant Nevatia},
  title = {Multi-Target Tracking by On-Line Learned Discriminative Appearance
	Models},
  booktitle = {Proc. of the 23nd IEEE Conference on Computer Vision and Pattern
	Recognition (CVPR)},
  year = {2010},
  file = {kuo10multi.pdf:kuo10multi.pdf:PDF},
  owner = {jmaye},
  timestamp = {2010.08.04}
}

@INPROCEEDINGS{kwon10visual,
  author = {Junseok Kwon and Kyoung Mu Lee},
  title = {Visual Tracking Decomposition},
  booktitle = {Proc. of the 23nd IEEE Conference on Computer Vision and Pattern
	Recognition (CVPR)},
  year = {2010},
  file = {kwon10visual.pdf:kwon10visual.pdf:PDF},
  owner = {jmaye},
  timestamp = {2010.08.04}
}

@INPROCEEDINGS{ladicky10what,
  author = {Lubor Ladicky and Paul Sturgess and Karteek Alahari and Chris Russell
	and Philip H.S. Torr},
  title = {What, Where \& How Many? Combining Object Detectors and CRFs},
  booktitle = {Proc. of the 11th European Conference on Computer Vision (ECCV)},
  year = {2010},
  file = {ladicky10what.pdf:ladicky10what.pdf:PDF},
  owner = {jmaye},
  timestamp = {2010.08.04}
}

@ARTICLE{lalonde10sun,
  author = {Jean-François Lalonde and Srinivasa G. Narasimhan and Alexei A. Efros},
  title = {What Do the Sun and the Sky Tell Us About the Camera?},
  journal = {International Journal of Computer Vision (IJCV)},
  year = {2010},
  volume = {88},
  pages = {24-51},
  file = {lalonde10sun.pdf:lalonde10sun.pdf:PDF},
  owner = {jmaye},
  timestamp = {2010.05.30}
}

@INPROCEEDINGS{lampert10learning,
  author = {Christoph H. Lampert and Hannes Nickisch and Stefan Harmeling},
  title = {Learning To Detect Unseen Object Classes by Between-Class Attribute
	Transfer},
  booktitle = {Proc. of the 23nd IEEE Conference on Computer Vision and Pattern
	Recognition (CVPR)},
  year = {2010},
  file = {lampert10learning.pdf:lampert10learning.pdf:PDF},
  owner = {jmaye},
  timestamp = {2010.08.04}
}

@ARTICLE{larlus10category,
  author = {Diane Larlus and Jakob Verbeek and Frédéric Jurie},
  title = {Category Level Object Segmentation by Combining Bag-of-Words Models
	with Dirichlet Processes and Random Fields},
  journal = {International Journal of Computer Vision (IJCV)},
  year = {2010},
  number = {2},
  month = {June},
  volume = {88},
  pages = {238–253},
  file = {larlus10category.pdf:larlus10category.pdf:PDF},
  owner = {jmaye},
  pdf = {larlus10category.pdf},
  timestamp = {2010.04.16}
}

@ARTICLE{lau10multi,
  author = {Boris Lau and Kai O. Arras and Wolfram Burgard},
  title = {Multi-model Hypothesis Group Tracking and Group Size Estimation},
  journal = {International Journal of Social Robotics},
  year = {2010},
  number = {1},
  month = {March},
  volume = {2},
  pages = {19-30},
  file = {lau10multi.pdf:lau10multi.pdf:PDF},
  owner = {jmaye},
  timestamp = {2010.11.30}
}

@INPROCEEDINGS{lau09tracking,
  author = {Boris Lau and Kai O. Arras and Wolfram Burgard},
  title = {Tracking Groups of People with a Multi-Model Hypothesis Tracker},
  booktitle = {Proc. of the IEEE International Conference on Robotics and Automation
	(ICRA)},
  year = {2009},
  file = {lau09tracking.pdf:lau09tracking.pdf:PDF},
  owner = {jmaye},
  pdf = {lau09tracking.pdf},
  timestamp = {2010.01.06}
}

@INPROCEEDINGS{lazebnik06beyond,
  author = {Svetlana Lazebnik and Cordelia Schmid and Jean Ponce},
  title = {Beyond Bags of Features: Spatial Pyramid Matching for Recognizing
	Natural Scene Categories},
  booktitle = {Proc. IEEE Conf. Comput. Vis. Pat. Recog.},
  year = {2006},
  doi = {10.1109/CVPR.2006.68},
  file = {lazebnik06beyond.pdf:lazebnik06beyond.pdf:PDF},
  issn = {1063-6919},
  pdf = {lazebnik06beyond.pdf}
}

@INPROCEEDINGS{lazebnik03sparse,
  author = {Svetlana Lazebnik and Cordelia Schmid and Jean Ponce},
  title = {Sparse Texture Representation Using Affine-Invariant Regions},
  booktitle = {Proc. of the 16th IEEE Conference on Computer Vision and Pattern
	Recognition (CVPR)},
  year = {2003},
  file = {lazebnik03sparse.pdf:lazebnik03sparse.pdf:PDF},
  owner = {jmaye},
  timestamp = {2010.11.16}
}

@INPROCEEDINGS{lee10object,
  author = {Yong Jae Lee and Kristen Grauman},
  title = {Object-Graphs for Context-Aware Category Discovery},
  booktitle = {Proc. of the 23nd IEEE Conference on Computer Vision and Pattern
	Recognition (CVPR)},
  year = {2010},
  file = {lee10object.pdf:lee10object.pdf:PDF},
  owner = {jmaye},
  timestamp = {2010.08.04}
}

@INPROCEEDINGS{lee09shape,
  author = {Yong Jae Lee and Kristen Grauman},
  title = {Shape Discovery from Unlabeled Image Collections},
  booktitle = {Proc. of the 22nd IEEE Conference on Computer Vision and Pattern
	Recognition (CVPR)},
  year = {2009},
  file = {lee09shape.pdf:lee09shape.pdf:PDF},
  owner = {jmaye},
  timestamp = {2010.08.05}
}

@INPROCEEDINGS{lee08foreground,
  author = {Yong Jae Lee and Kristen Grauman},
  title = {Foreground Focus: Finding Meaningful Features in Unlabeled Images},
  booktitle = {Proc. of the 19th British Machine Vision Conference (BMVC)},
  year = {2008},
  file = {lee08foreground.pdf:lee08foreground.pdf:PDF},
  pdf = {lee08foreground.pdf}
}

@INPROCEEDINGS{lehmann09prism,
  author = {Alain Lehmann and Bastian Leibe and Luc Van Gool},
  title = {{PRISM}: PRincipled Implicit Shape Model},
  booktitle = {Proc. of the 20th British Machine Vision Conference (BMVC)},
  year = {2009},
  file = {lehmann09prism.pdf:lehmann09prism.pdf:PDF},
  pdf = {lehmann09prism.pdf}
}

@INPROCEEDINGS{leibe06integrating,
  author = {Leibe, B. and Cornelis, N. and Cornelis, K. and Van Gool, L.},
  title = {Integrating recognition and reconstruction for cognitive traffic
	scene analysis from a moving vehicle},
  booktitle = {Proceedings of the 28th DAGM Symposium},
  year = {2006},
  volume = {4174},
  pages = {192},
  file = {leibe06integrating.pdf:leibe06integrating.pdf:PDF},
  pdf = {leibe06integrating.pdf}
}

@ARTICLE{leibe08robust,
  author = {Bastian Leibe and Ales Leonardis and Bernt Schiele},
  title = {Robust Object Detection with Interleaved Categorization and Segmentation},
  journal = {International Journal of Computer Vision (IJCV)},
  year = {2008},
  number = {1-3},
  month = may,
  volume = {77},
  pages = {259-289},
  file = {leibe08robust.pdf:leibe08robust.pdf:PDF},
  owner = {jmaye},
  pdf = {leibe08robust.pdf},
  timestamp = {2010.01.20}
}

@INPROCEEDINGS{leibe04combined,
  author = {B. Leibe and A. Leonardis and B. Schiele},
  title = {Combined object categorization and segmentation with an implicit
	shape model},
  booktitle = {Workshop on Statistical Learning in Computer Vision, 8th European
	Conference on Computer Vision (ECCV)},
  year = {2004},
  file = {leibe04combined.pdf:leibe04combined.pdf:PDF},
  pdf = {leibe04combined.pdf}
}

@INPROCEEDINGS{leibe04scale,
  author = {Bastian Leibe and Bernt Schiele},
  title = {Scale-invariant object categorization using a scale-adaptive mean-shift
	search},
  booktitle = {Proc. of the DAGM Symposium},
  year = {2004},
  file = {leibe04scale.pdf:leibe04scale.pdf:PDF},
  pdf = {leibe04scale.pdf}
}

@INPROCEEDINGS{leibe03interleaved,
  author = {Leibe, Bastian and Schiele, Bernt},
  title = {Interleaved object categorization and segmentation},
  booktitle = {Proc. of the 14th British Machine Vision Conference (BMVC)},
  year = {2003},
  file = {leibe03interleaved.pdf:leibe03interleaved.pdf:PDF},
  pdf = {leibe03interleaved.pdf}
}

@INPROCEEDINGS{leibe05pedestrian,
  author = {Leibe, B. and Seemann, E. and Schiele, B.},
  title = {Pedestrian detection in crowded scenes},
  booktitle = {Proc. of the 18th IEEE Conference on Computer Vision and Pattern
	Recognition (CVPR)},
  year = {2005},
  volume = {1},
  pages = {878},
  file = {leibe05pedestrian.pdf:leibe05pedestrian.pdf:PDF},
  pdf = {leibe05pedestrian.pdf}
}

@INPROCEEDINGS{levinson10unsupervised,
  author = {Jesse Levinson and Sebastian Thrun},
  title = {Unsupervised Calibration for Multi-beam Lasers},
  booktitle = {Proc. of the 12th International Symposium on Experimental Robotics
	(ISER)},
  year = {2010},
  file = {levinson10unsupervised.pdf:levinson10unsupervised.pdf:PDF},
  owner = {jmaye},
  timestamp = {2011.01.18}
}

@INPROCEEDINGS{li09towards,
  author = {Li-Jia Li and Richard Socher and Li Fei-Fei},
  title = {Towards total scene understanding: Classification, annotation and
	segmentation in an automatic framework},
  booktitle = {Proc. of the 22nd IEEE Conference on Computer Vision and Pattern
	Recognition (CVPR)},
  year = {2009},
  file = {li09towards.pdf:li09towards.pdf:PDF},
  pdf = {li09towards.pdf}
}

@INPROCEEDINGS{li10image,
  author = {Zhidong Li and Yang Wang and Jing Chen and Jie Xu and John Larid},
  title = {Image Topic Discovery with Saliency Detection},
  booktitle = {Proc. of the 21th British Machine Vision Conference (BMVC)},
  year = {2010},
  file = {li10image.pdf:li10image.pdf:PDF},
  owner = {jmaye},
  timestamp = {2010.12.13}
}

@INPROCEEDINGS{lidoris09autonomous,
  author = {Georgios Lidoris and Florian Rohrmuller and Dirk Wollherr and Martin
	Buss},
  title = {The Autonomous City Explorer (ACE) Project – Mobile Robot Navigation
	in Highly Populated Urban Environments},
  booktitle = {Proc. of the IEEE International Conference on Robotics and Automation
	(ICRA)},
  year = {2009},
  file = {lidoris09autonomous.pdf:lidoris09autonomous.pdf:PDF},
  owner = {jmaye},
  pdf = {lidoris09autonomous.pdf},
  timestamp = {2010.01.06}
}

@ARTICLE{lin10shape,
  author = {Zhe Lin and Larry S. Davis},
  title = {Shape-Based Human Detection and Segmentation via Hierarchical Part-Template
	Matching},
  journal = {IEEE Transactions on Pattern Analysis and Machine Intelligence (PAMI)},
  year = {2010},
  number = {4},
  month = {April},
  volume = {32},
  pages = {604-618},
  file = {lin10shape.pdf:lin10shape.pdf:PDF},
  owner = {jmaye},
  pdf = {lin10shape.pdf},
  timestamp = {2010.03.11}
}

@INPROCEEDINGS{lin10multiple,
  author = {Zhe Lin and Gang Hua and Larry S. Davis},
  title = {Multiple Instance Feature for Robust Part-based Object Detection},
  booktitle = {Proc. of the 23nd IEEE Conference on Computer Vision and Pattern
	Recognition (CVPR)},
  year = {2010},
  file = {lin10multiple.pdf:lin10multiple.pdf:PDF},
  owner = {jmaye},
  timestamp = {2010.08.04}
}

@INPROCEEDINGS{liu01modeling,
  author = {Andrew Liu and Dario Salvucci},
  title = {Modeling and Prediction of Human Driver Behavior},
  booktitle = {Proc. 9th Int. Conf. Human-Comput. Interaction},
  year = {2001},
  file = {liu01modeling.pdf:liu01modeling.pdf:PDF},
  owner = {jmaye},
  timestamp = {2011.01.28}
}

@ARTICLE{liu10hierarchical,
  author = {David Liu and Gang Hua and Tsuhan Chen},
  title = {A Hierarchical Visual Model for Video Object Summarization},
  journal = {IEEE Transactions on Pattern Analysis and Machine Intelligence (PAMI)},
  year = {2010},
  number = {12},
  month = {December},
  volume = {32},
  pages = {2178-2189},
  file = {liu10hierarchical.pdf:liu10hierarchical.pdf:PDF},
  owner = {jmaye},
  timestamp = {2011.01.04}
}

@ARTICLE{liu10unsupervised,
  author = {Guangcan Liu and Zhouchen Lin and Yong Yu and Xiaoou Tang},
  title = {Unsupervised Object Segmentation with a Hybrid Graph Model (HGM)},
  journal = {IEEE Transactions on Pattern Analysis and Machine Intelligence (PAMI)},
  year = {2010},
  number = {5},
  month = {May},
  volume = {32},
  pages = {910-924},
  file = {liu10unsupervised.pdf:liu10unsupervised.pdf:PDF},
  owner = {jmaye},
  pdf = {liu10unsupervised.pdf},
  timestamp = {2010.04.14}
}

@ARTICLE{liu11learning,
  author = {Tie Liu and Zejian Yuan and Jian Sun and Jingdong Wang and Nanning
	Zheng and Xiaoou Tang and Heung-Yeung Shum},
  title = {Learning to Detect a Salient Object},
  journal = {IEEE Transactions on Pattern Analysis and Machine Intelligence (PAMI)},
  year = {2011},
  number = {2},
  month = {February},
  volume = {33},
  pages = {353-367},
  file = {liu11learning.pdf:liu11learning.pdf:PDF},
  owner = {jmaye},
  timestamp = {2011.01.18}
}

@ARTICLE{liu10rejection,
  author = {Xiao-Hui Liu and Chin-Seng Chua},
  title = {Rejection of non-meaningful activities for {HMM}-based activity recognition
	system},
  journal = {Image and Vision Computing (IVC)},
  year = {2010},
  volume = {28},
  pages = {865-871},
  file = {liu10rejection.pdf:liu10rejection.pdf:PDF},
  owner = {jmaye},
  timestamp = {2010.08.04}
}

@ARTICLE{liu10automatic,
  author = {Yonghuai Liu},
  title = {Automatic Range Image Registration in the Markov Chain},
  journal = {IEEE Transactions on Pattern Analysis and Machine Intelligence (PAMI)},
  year = {2010},
  number = {1},
  month = {January},
  volume = {32},
  pages = {12-29},
  file = {liu10automatic.pdf:liu10automatic.pdf:PDF},
  owner = {jmaye},
  pdf = {liu10automatic.pdf},
  timestamp = {2010.03.11}
}

@ARTICLE{loog10improbability,
  author = {Marco Loog and Francois Lauze},
  title = {The Improbability of Harris Interest Points},
  journal = {IEEE Transactions on Pattern Analysis and Machine Intelligence (PAMI)},
  year = {2010},
  number = {6},
  month = {June},
  volume = {32},
  pages = {1141-1147},
  file = {loog10improbability.pdf:loog10improbability.pdf:PDF},
  owner = {jmaye},
  timestamp = {2010.05.30}
}

@ARTICLE{lowe04distinctive,
  author = {David G. Lowe},
  title = {Distinctive image features from scale-invariant keypoints},
  journal = {Int. J. Comput. Vis.},
  year = {2004},
  number = {2},
  month = nov,
  volume = {60},
  pages = {91-110},
  file = {lowe04distinctive.pdf:lowe04distinctive.pdf:PDF},
  pdf = {lowe04distinctive.pdf},
  publisher = {Springer}
}

@INPROCEEDINGS{lu10camera,
  author = {Huimin Lu and Hui Zhang and Shaowu Yang and Zhiqiang Zheng},
  title = {Camera Parameters Auto-Adjusting Technique for Robust Robot Vision},
  booktitle = {Proc. of The IEEE International Conference on Robotics and Automation
	(ICRA)},
  year = {2010},
  month = {May},
  file = {lu10camera.pdf:lu10camera.pdf:PDF},
  owner = {jmaye},
  pdf = {lu10camera.pdf},
  timestamp = {2010.03.09}
}

@INPROCEEDINGS{luber10people,
  author = {Matthias Luber and Johannes A. Stork and Gian Diego Tipaldi and Kai
	O. Arras},
  title = {People Tracking with Human Motion Predictions from Social Forces},
  booktitle = {Proc. of the IEEE International Conference on Robotics and Automation
	(ICRA)},
  year = {2010},
  file = {luber10people.pdf:luber10people.pdf:PDF},
  owner = {jmaye},
  pdf = {luber10people.pdf},
  timestamp = {2010.03.09}
}

@ARTICLE{macadam81application,
  author = {Charles C. MacAdam},
  title = {Application of an Optimal Preview Control for Simulation of Closed-Loop
	Automobile Driving},
  journal = {IEEE Trans. Syst. Man Cybern.},
  year = {1981},
  number = {6},
  month = {Jun.},
  volume = {11},
  pages = {393-399},
  file = {macadam81application.pdf:macadam81application.pdf:PDF},
  owner = {jmaye},
  timestamp = {2011.01.28}
}

@INPROCEEDINGS{madsen05modeling,
  author = {Rasmus E. Madsen and David Kauchak and Charles Elkan},
  title = {Modeling Word Burstiness Using the {D}irichlet Distribution},
  booktitle = {Proc. Int. Conf. Mach. Learn.},
  year = {2005},
  file = {madsen05modeling.pdf:madsen05modeling.pdf:PDF},
  owner = {jmaye},
  timestamp = {2010.09.14}
}

@INPROCEEDINGS{maji09object,
  author = {Maji, S. and Malik, J.},
  title = {Object detection using a max-margin Hough transform},
  booktitle = {Proc. of the 22nd IEEE Conference on Computer Vision and Pattern
	Recognition (CVPR)},
  year = {2009},
  pages = {1038-1045},
  file = {maji09object.pdf:maji09object.pdf:PDF},
  pdf = {maji09object.pdf}
}

@ARTICLE{mallapragada09semiboost,
  author = {Pavan Kumar Mallapragada and Rong Jin and Anil K. Jain and Yi Liu},
  title = {SemiBoost: Boosting for Semi-Supervised Learning},
  journal = {IEEE Transactions on Pattern Analysis and Machine Intelligence (PAMI)},
  year = {2009},
  number = {11},
  month = {November},
  volume = {31},
  pages = {2000-2014},
  file = {mallapragada09semiboost.pdf:mallapragada09semiboost.pdf:PDF},
  owner = {jmaye},
  pdf = {mallapragada09semiboost.pdf},
  timestamp = {2010.03.11}
}

@ARTICLE{marinakis10pure,
  author = {Dimitri Marinakis and Gregory Dudek},
  title = {Pure Topological Mapping in Mobile Robotics},
  journal = {IEEE Transactions on Robotics},
  year = {2010},
  number = {6},
  month = {December},
  volume = {26},
  pages = {1051-1064},
  file = {marinakis10pure.pdf:marinakis10pure.pdf:PDF},
  owner = {jmaye},
  timestamp = {2011.01.04}
}

@ARTICLE{martin04learning,
  author = {David R. Martin and Charless C. Fowlkes and Jitendra Malik},
  title = {Learning to Detect Natural Image Boundaries Using Local Brightness,
	Color, and Texture Cues},
  journal = {IEEE Transactions on Pattern Analysis and Machine Intelligence (PAMI)},
  year = {2004},
  number = {5},
  month = {May},
  volume = {26},
  pages = {530-549},
  file = {martin04learning.pdf:martin04learning.pdf:PDF},
  owner = {jmaye},
  timestamp = {2010.08.06}
}

@INPROCEEDINGS{matei08building,
  author = {Matei, B.C. and Sawhney, H.S. and Samarasekera, S. and Kim, J. and
	Kumar, R.},
  title = {Building segmentation for densely built urban regions using aerial
	LIDAR data},
  booktitle = {Proc. of the 21st IEEE Conference on Computer Vision and Pattern
	Recognition (CVPR)},
  year = {2008},
  pages = {1-8},
  month = {June},
  file = {matei08building.pdf:matei08building.pdf:PDF},
  pdf = {matei08building.pdf}
}

@ARTICLE{maver10self,
  author = {Jasna Maver},
  title = {Self-Similarity and Points of Interest},
  journal = {IEEE Transactions on Pattern Analysis and Machine Intelligence (PAMI)},
  year = {2010},
  number = {7},
  month = {July},
  volume = {32},
  pages = {1211-1226},
  file = {maver10self.pdf:maver10self.pdf:PDF},
  owner = {jmaye},
  timestamp = {2010.05.28}
}

@INPROCEEDINGS{maye10robust,
  author = {Jerome Maye and Ralf Kaestner and Martin Rufli and Rudolph Triebel
	and Roland Siegwart},
  title = {Robust Robot Navigation for Urban Environmental Monitoring},
  booktitle = {Workshop on Robotics for Environmental Monitoring (IROS)},
  year = {2010},
  file = {maye10robust.pdf:maye10robust.pdf:PDF},
  owner = {jmaye},
  timestamp = {2010.08.17}
}

@INPROCEEDINGS{maye10inferring,
  author = {Jerome Maye and Luciano Spinello and Rudolph Triebel and Roland Siegwart},
  title = {Inferring the Semantics of Direction Signs in Public Places},
  booktitle = {Proc. IEEE Int. Conf. Robot. Automat.},
  year = {2010},
  file = {maye10inferring.pdf:maye10inferring.pdf:PDF},
  owner = {jmaye},
  pdf = {maye10inferring.pdf},
  timestamp = {2010.03.09}
}

@ARTICLE{mcruer80human,
  author = {Duane T. McRuer},
  title = {Human Dynamics in Man-Machine Systems},
  journal = {Automatica},
  year = {1980},
  number = {3},
  month = {May},
  volume = {16},
  pages = {237-253},
  file = {mcruer80human.pdf:mcruer80human.pdf:PDF},
  owner = {jmaye},
  timestamp = {2011.01.28}
}

@INPROCEEDINGS{meeds06modeling,
  author = {Edward Meeds and Zoubin Ghahramani and Radford Neal and Sam Roweis},
  title = {Modeling Dyadic Data with Binary Latent Factors},
  booktitle = {Proc. of the 20th Annual Conference on Neural Information Processing
	Systems (NIPS)},
  year = {2006},
  file = {meeds06modeling.pdf:meeds06modeling.pdf:PDF},
  owner = {jmaye},
  timestamp = {2010.12.14}
}

@INPROCEEDINGS{mehran10abnormal,
  author = {Ramin Mehran and Alexis Oyama and Mubarak Shah},
  title = {Abnormal Crowd Behavior Detection using Social Force Model},
  booktitle = {Proc. of the 23nd IEEE Conference on Computer Vision and Pattern
	Recognition (CVPR)},
  year = {2010},
  file = {mehran10abnormal.pdf:mehran10abnormal.pdf:PDF},
  owner = {jmaye},
  timestamp = {2010.08.04}
}

@INPROCEEDINGS{mei09constant,
  author = {Christopher Mei and Gabe Sibley and Mark Cummins and Paul Newman
	and Ian Reid},
  title = {A Constant-Time Efficient Stereo SLAM System},
  booktitle = {Proc. of the 20th British Machine Vision Conference (BMVC)},
  year = {2009},
  file = {mei09constant.pdf:mei09constant.pdf:PDF},
  pdf = {mei09constant.pdf}
}

@INPROCEEDINGS{messing10activity,
  author = {Ross Messing and Chris Pal and Henry Kautz},
  title = {Activity recognition using the velocity histories of tracked keypoints},
  booktitle = {Proc. of the 23nd IEEE Conference on Computer Vision and Pattern
	Recognition (CVPR)},
  year = {2010},
  file = {messing10activity.pdf:messing10activity.pdf:PDF},
  owner = {jmaye},
  timestamp = {2010.08.04}
}

@INPROCEEDINGS{meyer09probabilistic,
  author = {Daniel Meyer-Delius and Christian Plagemann and Wolfram Burgard},
  title = {Probabilistic Situation Recognition for Vehicular Traffic Scenarios},
  booktitle = {Proc. IEEE Int. Conf. Robot. Automat.},
  year = {2009},
  file = {meyer09probabilistic.pdf:meyer09probabilistic.pdf:PDF},
  owner = {jmaye},
  pdf = {meyer09probabilistic.pdf},
  timestamp = {2010.03.10}
}

@INPROCEEDINGS{meyer09regression,
  author = {Daniel Meyer-Delius and Jurgen Sturm and Wolfram Burgard},
  title = {Regression-Based Online Situation Recognition for Vehicular Traffic
	Scenarios},
  booktitle = {Proc. of the IEEE/RSJ International Conference on Intelligent Robots
	and Systems (IROS)},
  year = {2009},
  file = {meyer09regression.pdf:meyer09regression.pdf:PDF},
  owner = {jmaye},
  pdf = {meyer09regression.pdf},
  timestamp = {2010.03.10}
}

@INPROCEEDINGS{mikolajczyk05local,
  author = {Krystian Mikolajczyk and Bastian Leibe and Bernt Schiele},
  title = {Local Features for Object Class Recognition},
  booktitle = {Proc. of the 10th IEEE International Conference on Computer Vision
	(ICCV)},
  year = {2005},
  file = {mikolajczyk05local.pdf:mikolajczyk05local.pdf:PDF},
  owner = {jmaye},
  pdf = {mikolajczyk05local.pdf},
  timestamp = {2010.01.20}
}

@ARTICLE{mikolajczyk05performance,
  author = {Krystian Mikolajczyk and Cordelia Schmid},
  title = {A performance evaluation of local descriptors},
  journal = {IEEE Transactions on Pattern Analysis and Machine Intelligence (PAMI)},
  year = {2005},
  number = {10},
  month = oct,
  volume = {27},
  pages = {1615-1630},
  file = {mikolajczyk05performance.pdf:mikolajczyk05performance.pdf:PDF},
  pdf = {mikolajczyk05performance.pdf}
}

@ARTICLE{mikolajczyk04scale,
  author = {Krystian Mikolajczyk and Cordelia Schmid},
  title = {Scale and affine invariant interest point detectors},
  journal = {International Journal of Computer Vision (IJCV)},
  year = {2004},
  number = {1},
  month = oct,
  volume = {60},
  pages = {63-86},
  file = {mikolajczyk04scale.pdf:mikolajczyk04scale.pdf:PDF},
  keywords = {LEAR, VIBES},
  pdf = {mikolajczyk04scale.pdf}
}

@INPROCEEDINGS{mikolajczyk02affine,
  author = {Krystian Mikolajczyk and Cordelia Schmid},
  title = {An affine invariant interest point detector},
  booktitle = {Proc. of the 7th European Conference on Computer Vision (ECCV)},
  year = {2002},
  file = {mikolajczyk02affine.pdf:mikolajczyk02affine.pdf:PDF},
  owner = {jmaye},
  pdf = {mikolajczyk02affine.pdf},
  timestamp = {2010.02.04}
}

@ARTICLE{mikolajczyk05comparison,
  author = {Krystian Mikolajczyk and Tinne Tuytelaars and Cordelia Schmid and
	Andrew Zisserman and J. Matas and F. Schaffalitzky and T. Kadir and
	L. Van Gool},
  title = {A comparison of affine region detectors},
  journal = {International Journal of Computer Vision (IJCV)},
  year = {2005},
  number = {1/2},
  volume = {65},
  pages = {43-72},
  file = {mikolajczyk05comparison.pdf:mikolajczyk05comparison.pdf:PDF},
  keywords = {LEAR, VIBES},
  pdf = {mikolajczyk05comparison.pdf},
  url = {http://lear.inrialpes.fr/pubs/2005/MTSZMSKG05}
}

@ARTICLE{milford08mapping,
  author = {Michael J. Milford and Gordon F. Wyeth},
  title = {Mapping a Suburb With a Single Camera Using a Biologically Inspired
	SLAM System},
  journal = {IEEE Transactions on Robotics},
  year = {2008},
  number = {5},
  month = {October},
  volume = {24},
  pages = {1038-1053},
  file = {milford08mapping.pdf:milford08mapping.pdf:PDF},
  owner = {jmaye},
  timestamp = {2011.01.04}
}

@TECHREPORT{minka03estimating,
  author = {Thomas P. Minka},
  title = {Estimating a {D}irichlet Distribution},
  institution = {Microsoft Research},
  year = {2003},
  file = {minka03estimating.pdf:minka03estimating.pdf:PDF},
  owner = {jmaye},
  timestamp = {2010.09.16}
}

@INPROCEEDINGS{moosmann10motion,
  author = {Frank Moosmann and Thierry Fraichard},
  title = {Motion Estimation from Range Images in Dynamic Outdoor Scenes},
  booktitle = {Proc. of The IEEE International Conference on Robotics and Automation
	(ICRA)},
  year = {2010},
  month = {May},
  file = {moosmann10motion.pdf:moosmann10motion.pdf:PDF},
  owner = {jmaye},
  pdf = {moosmann10motion.pdf},
  timestamp = {2010.03.09}
}

@ARTICLE{mori05efficient,
  author = {Mori, G. and Belongie, S. and Malik, J.},
  title = {Efficient Shape Matching using Shape Contexts},
  journal = {IEEE Transactions on Pattern Analysis and Machine Intelligence (PAMI)},
  year = {2005},
  number = {11},
  month = nov,
  volume = {27},
  pages = {1832-1837},
  file = {mori05efficient.pdf:mori05efficient.pdf:PDF},
  pdf = {mori05efficient.pdf}
}

@INPROCEEDINGS{mori01shape,
  author = {Mori, G. and Belongie, S. and Malik, J.},
  title = {Shape contexts enable efficient retrieval of similar shapes},
  booktitle = {Proc. of the 14th IEEE Conference on Computer Vision and Pattern
	Recognition (CVPR)},
  year = {2001},
  volume = {1},
  pages = { I-723-I-730 vol.1},
  file = {mori01shape.pdf:mori01shape.pdf:PDF},
  pdf = {mori01shape.pdf}
}

@INPROCEEDINGS{morris10learning,
  author = {Brendan Morris and Mohan Trivedi},
  title = {Learning Trajectory Patterns by Clustering: Experimental Studies
	and Comparative Evaluation},
  booktitle = {Proc. of the 23nd IEEE Conference on Computer Vision and Pattern
	Recognition (CVPR)},
  year = {2010},
  file = {morris10learning.pdf:morris10learning.pdf:PDF},
  owner = {jmaye},
  timestamp = {2010.08.04}
}

@INPROCEEDINGS{muhlbauer09navigation,
  author = {Quirin Muhlbauer and Stefan Sosnowski and Tingting Xu and Tianguang
	Zhang and Kolja Kuhnlenz and Martin Buss},
  title = {Navigation through Urban Environments by Visual Perception and Interaction},
  booktitle = {Proc. of the IEEE International Conference on Robotics and Automation
	(ICRA)},
  year = {2009},
  file = {muhlbauer09navigation.pdf:muhlbauer09navigation.pdf:PDF},
  owner = {jmaye},
  pdf = {muhlbauer09navigation.pdf},
  timestamp = {2010.01.06}
}

@INPROCEEDINGS{murillo09improving,
  author = {A. C. Murillo and P. Abad and J. J. Guerrero and C. Sagues},
  title = {Improving topological maps for safer and robust navigation},
  booktitle = {Proc. of the IEEE/RSJ International Conference on Intelligent Robots
	and Systems (IROS)},
  year = {2009},
  file = {murillo09improving.pdf:murillo09improving.pdf:PDF},
  owner = {jmaye},
  pdf = {murillo09improving.pdf},
  timestamp = {2010.01.04}
}

@INPROCEEDINGS{nater10exploiting,
  author = {Fabian Nater and Helmut Grabner and Luc Van Gool},
  title = {Exploiting Simple Hierarchies for Unsupervised Human Behavior Analysis},
  booktitle = {Proc. of the 23nd IEEE Conference on Computer Vision and Pattern
	Recognition (CVPR)},
  year = {2010},
  file = {nater10exploiting.pdf:nater10exploiting.pdf:PDF},
  owner = {jmaye},
  timestamp = {2010.08.04}
}

@ARTICLE{serment10pedestrian,
  author = {Luis E. Navarro-Serment and Christoph Mertz and Martial Hebert},
  title = {Pedestrian Detection and Tracking Using Three-dimensional LADAR Data},
  journal = {The International Journal of Robotics Research (IJRR)},
  year = {2010},
  file = {serment10pedestrian.pdf:serment10pedestrian.pdf:PDF},
  owner = {jmaye},
  timestamp = {2010.08.04}
}

@ARTICLE{nedovic10stages,
  author = {Vladimir Nedovic and Arnold W.M. Smeulders and Andre Redert and Jan-Mark
	Geusebroek},
  title = {Stages as Models of Scene Geometry},
  journal = {IEEE Transactions on Pattern Analysis and Machine Intelligence (PAMI)},
  year = {2010},
  number = {9},
  month = {September},
  volume = {32},
  pages = {1673-1687},
  file = {nedovic10stages.pdf:nedovic10stages.pdf:PDF},
  owner = {jmaye},
  timestamp = {2011.01.04}
}

@ARTICLE{newman09navigating,
  author = {Paul Newman and Gabe Sibley and Mike Smith and Mark Cummins and Alastair
	Harrison and Christopher Mei and Ingmar Posner and Robbie Shade and
	Derik Schröter and Liz Murphy and Winston Churchill and Dave Cole
	and Ian Reid},
  title = {Navigating, Recognizing and Describing Urban Spaces With Vision and
	Lasers},
  journal = {The International Journal of Robotics Research (IJRR)},
  year = {2009},
  number = {11-12},
  month = {October},
  volume = {28},
  pages = {1406-1433},
  file = {newman09navigating.pdf:newman09navigating.pdf:PDF},
  owner = {jmaye},
  pdf = {newman09navigating.pdf},
  timestamp = {2010.01.08}
}

@INPROCEEDINGS{ni10recognizing,
  author = {Bingbing Ni and Shuicheng Yan and Ashraf Kassim},
  title = {Recognizing Human Group Activities with Localized Causalities},
  booktitle = {Proc. of the 23nd IEEE Conference on Computer Vision and Pattern
	Recognition (CVPR)},
  year = {2010},
  file = {ni10recognizing.pdf:ni10recognizing.pdf:PDF},
  owner = {jmaye},
  timestamp = {2010.08.04}
}

@INPROCEEDINGS{niebles10efficient,
  author = {Juan Carlos Niebles and Bohyung Han and Li Fei-Fei},
  title = {Efficient Extraction of Human Motion Volumes by Tracking},
  booktitle = {Proc. of the 23nd IEEE Conference on Computer Vision and Pattern
	Recognition (CVPR)},
  year = {2010},
  file = {niebles10efficient.pdf:niebles10efficient.pdf:PDF},
  owner = {jmaye},
  timestamp = {2010.08.04}
}

@ARTICLE{nikovski10fast,
  author = {Daniel Nikovski and Ankur Jain},
  title = {Fast adaptive algorithms for abrupt change detection},
  journal = {Machine Learning},
  year = {2010},
  volume = {79},
  pages = {283–306},
  file = {nikovski10fast.pdf:nikovski10fast.pdf:PDF},
  owner = {jmaye},
  timestamp = {2011.01.04}
}

@INPROCEEDINGS{nister06scalable,
  author = {Nister, D. and Stewenius, H.},
  title = {Scalable Recognition with a Vocabulary Tree},
  booktitle = {Proc. of the 19th IEEE Conference on Computer Vision and Pattern
	Recognition (CVPR)},
  year = {2006},
  volume = {2},
  pages = { 2161-2168},
  file = {nister06scalable.pdf:nister06scalable.pdf:PDF},
  pdf = {nister06scalable.pdf}
}

@ARTICLE{nunziati10matching,
  author = {Walter Nunziati and Stan Sclaroff and Alberto Del Bimbo},
  title = {Matching Trajectories between Video Sequences by Exploiting a Sparse
	Projective Invariant Representation},
  journal = {IEEE Transactions on Pattern Analysis and Machine Intelligence (PAMI)},
  year = {2010},
  number = {3},
  month = {March},
  volume = {32},
  pages = {517-529},
  file = {nunziati10matching.pdf:nunziati10matching.pdf:PDF},
  owner = {jmaye},
  timestamp = {2010.05.30}
}

@ARTICLE{oh08learning,
  author = {Sang Min Oh and James M. Rehg and Tucker Balch and Frank Dellaert},
  title = {Learning and Inferring Motion Patterns using Parametric Segmental
	Switching Linear Dynamic Systems},
  journal = {International Journal of Computer Vision (IJCV)},
  year = {2008},
  volume = {77},
  pages = {103-124},
  file = {oh08learning.pdf:oh08learning.pdf:PDF},
  owner = {jmaye},
  timestamp = {2010.09.16}
}

@ARTICLE{oliva01modeling,
  author = {Aude Oliva and Antonio Torralba},
  title = {Modeling the Shape of the Scene: A Holistic Representation of the
	Spatial Envelope},
  journal = {International Journal of Computer Vision (IJCV)},
  year = {2001},
  number = {3},
  volume = {42},
  pages = {145-175},
  file = {oliva01modeling.pdf:oliva01modeling.pdf:PDF},
  owner = {jmaye},
  timestamp = {2011.01.04}
}

@ARTICLE{oliveira10semantic,
  author = {Luciano Oliveira and Urbano Nunes and Paulo Peixoto and Marco Silva
	and Fernando Moita},
  title = {Semantic fusion of laser and vision in pedestrian detection},
  journal = {Pattern Recognition (PR)},
  year = {2010},
  volume = {43},
  pages = {3648–3659},
  file = {oliveira10semantic.pdf:oliveira10semantic.pdf:PDF},
  owner = {jmaye},
  timestamp = {2011.01.04}
}

@INPROCEEDINGS{oliver00graphical,
  author = {Nuria Oliver and Alex P. Pentland},
  title = {Graphical Models for Driver Behavior Recognition in a Smart Car},
  booktitle = {Proc. IEEE Intel. Veh. Symp.},
  year = {2000},
  file = {oliver00graphical.pdf:oliver00graphical.pdf:PDF},
  owner = {jmaye},
  timestamp = {2011.01.28}
}

@ARTICLE{ommer10learning,
  author = {Bjorn Ommer and Joachim M. Buhmann},
  title = {Learning the Compositional Nature of Visual Object Categories for
	Recognition},
  journal = {IEEE Transactions on Pattern Analysis and Machine Intelligence (PAMI)},
  year = {2010},
  number = {3},
  month = {March},
  volume = {32},
  pages = {501-516},
  file = {ommer10learning.pdf:ommer10learning.pdf:PDF},
  owner = {jmaye},
  pdf = {ommer10learning.pdf},
  timestamp = {2010.03.11}
}

@INPROCEEDINGS{oreifej10human,
  author = {Omar Oreifej and Ramin Mehran and Mubarak Shah},
  title = {Human Identity Recognition in Aerial Images},
  booktitle = {Proc. of the 23nd IEEE Conference on Computer Vision and Pattern
	Recognition (CVPR)},
  year = {2010},
  file = {oreifej10human.pdf:oreifej10human.pdf:PDF},
  owner = {jmaye},
  timestamp = {2010.08.04}
}

@ARTICLE{otsu79threshold,
  author = {Nobuyuki Otsu},
  title = {A Threshold Selection Method from Gray-Level Histograms},
  journal = {IEEE Transactions on Systems, Man, and Cybernetics (SMC)},
  year = {1979},
  number = {1},
  month = jan,
  volume = {9},
  pages = {62-66},
  file = {otsu79threshold.pdf:otsu79threshold.pdf:PDF},
  owner = {jmaye},
  pdf = {otsu79threshold.pdf},
  timestamp = {2010.02.05}
}

@INPROCEEDINGS{overett09fast,
  author = {Overett, G. and Petersson, L.},
  title = {Fast features for time constrained object detection},
  booktitle = {Workshop of the 22nd IEEE Conference on Computer Vision and Pattern
	Recognition (CVPR)},
  year = {2009},
  pages = {23-30},
  month = {June},
  file = {overett09fast.pdf:overett09fast.pdf:PDF},
  pdf = {overett09fast.pdf}
}

@ARTICLE{ozden10multibody,
  author = {Kemal Egemen Ozden and Konrad Schindler and Luc Van Gool},
  title = {Multibody Structure-from-Motion in Practice},
  journal = {IEEE Transactions on Pattern Analysis and Machine Intelligence (PAMI)},
  year = {2010},
  number = {6},
  month = {June},
  volume = {32},
  pages = {1134-1141},
  file = {ozden10multibody.pdf:ozden10multibody.pdf:PDF},
  owner = {jmaye},
  timestamp = {2010.05.30}
}

@ARTICLE{page54continuous,
  author = {E.S. Page},
  title = {Continous Inspection Schemes},
  journal = {Biometrika},
  year = {1954},
  number = {1-2},
  volume = {41},
  pages = {100-115},
  file = {page54continuous.pdf:page54continuous.pdf:PDF},
  owner = {jmaye},
  timestamp = {2011.01.28}
}

@INPROCEEDINGS{paisley10stick,
  author = {John Paisley and Aimee Zaas and Christopher W. Woods and Geoffrey
	S. Ginsburg and Lawrence Carin},
  title = {A Stick-Breaking Construction of the Beta Process},
  booktitle = {Proc. of the 27th International Conference on Machine Learning (ICML)},
  year = {2010},
  file = {paisley10stick.pdf:paisley10stick.pdf:PDF},
  owner = {jmaye},
  timestamp = {2011.01.04}
}

@ARTICLE{papadakis10panorama,
  author = {Panagiotis Papadakis and Ioannis Pratikakis and Theoharis Theoharis
	and Stavros Perantonis},
  title = {PANORAMA: A 3D Shape Descriptor Based on Panoramic Views for Unsupervised
	3D Object Retrieval},
  journal = {International Journal of Computer Vision (IJCV)},
  year = {2010},
  volume = {89},
  pages = {177-192},
  file = {papadakis10panorama.pdf:papadakis10panorama.pdf:PDF},
  owner = {jmaye},
  timestamp = {2010.05.30}
}

@INPROCEEDINGS{parikh10role,
  author = {Devi Parikh and C. Lawrence Zitnick},
  title = {The Role of Features, Algorithms and Data in Visual Recognition},
  booktitle = {Proc. of the 23nd IEEE Conference on Computer Vision and Pattern
	Recognition (CVPR)},
  year = {2010},
  file = {parikh10role.pdf:parikh10role.pdf:PDF},
  owner = {jmaye},
  timestamp = {2010.08.04}
}

@INPROCEEDINGS{pellegrini09never,
  author = {Stefano Pellegrini and Andreas Ess and Konrad Schindler and Luc van
	Gool},
  title = {You'll Never Walk Alone: Modeling Social Behavior for Multi-target
	Tracking},
  booktitle = {Proc. of the 12th IEEE International Conference on Computer Vision
	(ICCV)},
  year = {2009},
  file = {pellegrini09never.pdf:pellegrini09never.pdf:PDF},
  pdf = {pellegrini09never.pdf}
}

@ARTICLE{perina10learning,
  author = {Alessandro Perina and Marco Cristani and Vittorio Murino},
  title = {Learning natural scene categories by selective multi-scale feature
	extraction},
  journal = {Image and Vision Computing (IVC)},
  year = {2010},
  volume = {28},
  pages = {927–939},
  file = {perina10learning.pdf:perina10learning.pdf:PDF},
  owner = {jmaye},
  timestamp = {2010.08.04}
}

@INPROCEEDINGS{perronnin09modeling,
  author = {Perronnin, F. and Yan Liu},
  title = {Modeling images as mixtures of reference images},
  booktitle = {Proc. of the 22nd IEEE Conference on Computer Vision and Pattern
	Recognition (CVPR)},
  year = {2009},
  pages = {1770-1777},
  month = {June},
  file = {perronnin09modeling.pdf:perronnin09modeling.pdf:PDF},
  pdf = {perronnin09modeling.pdf}
}

@ARTICLE{pflugfelder10localization,
  author = {Roman Pflugfelder and Horst Bischof},
  title = {Localization and Trajectory Reconstruction in Surveillance Cameras
	with Nonoverlapping Views},
  journal = {IEEE Transactions on Pattern Analysis and Machine Intelligence (PAMI)},
  year = {2010},
  number = {4},
  month = {April},
  volume = {32},
  pages = {709-721},
  file = {pflugfelder10localization.pdf:pflugfelder10localization.pdf:PDF},
  owner = {jmaye},
  pdf = {pflugfelder10localization.pdf},
  timestamp = {2010.03.11}
}

@ARTICLE{poppe10survey,
  author = {Ronald Poppe},
  title = {A survey on vision-based human action recognition},
  journal = {Image and Vision Computing (IVC)},
  year = {2010},
  volume = {28},
  pages = {976–990},
  file = {poppe10survey.pdf:poppe10survey.pdf:PDF},
  owner = {jmaye},
  timestamp = {2010.08.04}
}

@ARTICLE{posner09generative,
  author = {Ingmar Posner and Mark Cummins and Paul Newman},
  title = {A generative framework for fast urban labeling using spatial and
	temporal context},
  journal = {Autonomous Robot},
  year = {2009},
  number = {2-3},
  month = {April},
  volume = {26},
  pages = {153-170},
  file = {posner09generative.pdf:posner09generative.pdf:PDF},
  owner = {jmaye},
  pdf = {posner09generative.pdf},
  timestamp = {2010.01.07}
}

@INPROCEEDINGS{posner08fast,
  author = {Ingmar Posner and Mark Cummins and Paul Newman},
  title = {Fast Probabilistic Labeling of City Maps},
  booktitle = {Proc. of the 4th Robotics: Science and Systems Conference (RSS)},
  year = {2008},
  file = {posner08fast.pdf:posner08fast.pdf:PDF},
  owner = {jmaye},
  pdf = {posner08fast.pdf},
  timestamp = {2010.01.08}
}

@INPROCEEDINGS{posner07describing,
  author = {Posner, I. and Schroeter, D. and Newman, P.},
  title = {Describing Composite Urban Workspaces},
  booktitle = {Proc. of the IEEE International Conference on Robotics and Automation
	(ICRA)},
  year = {2007},
  pages = {4962-4968},
  month = apr,
  file = {posner07describing.pdf:posner07describing.pdf:PDF},
  pdf = {posner07describing.pdf}
}

@INPROCEEDINGS{prabhakar10temporal,
  author = {Karthir Prabhakar and Sangmin Oh and Ping Wang and Gregory D. Abowd
	and James M. Rehg},
  title = {Temporal Causality for the Analysis of Visual Events},
  booktitle = {Proc. of the 23nd IEEE Conference on Computer Vision and Pattern
	Recognition (CVPR)},
  year = {2010},
  file = {prabhakar10temporal.pdf:prabhakar10temporal.pdf:PDF},
  owner = {jmaye},
  timestamp = {2010.08.04}
}

@ARTICLE{pronobis10more,
  author = {Andrzej Pronobis and Luo Jie and Barbara Caputo},
  title = {The more you learn, the less you store: Memory-controlled incremental
	SVM for visual place recognition},
  journal = {Image and Vision Computing (IVC)},
  year = {2010},
  volume = {28},
  pages = {1080–1097},
  file = {pronobis10more.pdf:pronobis10more.pdf:PDF},
  owner = {jmaye},
  timestamp = {2010.08.04}
}

@ARTICLE{pronobis10multi,
  author = {A. Pronobis and O. Martínez Mozos and B. Caputo and P. Jensfelt},
  title = {Multi-modal Semantic Place Classification},
  journal = {The International Journal of Robotics Research (IJRR)},
  year = {2010},
  number = {2-3},
  month = {February},
  volume = {29},
  pages = {298-320},
  file = {pronobis10multi.pdf:pronobis10multi.pdf:PDF},
  owner = {jmaye},
  timestamp = {2010.05.28}
}

@INPROCEEDINGS{pugeault10learning,
  author = {Nicolas Pugeault and Richard Bowden},
  title = {Learning Pre-attentive Driving Behaviour from Holistic Visual Features},
  booktitle = {Proc. Europ. Conf. Comput. Vis.},
  year = {2010},
  file = {pugeault10learning.pdf:pugeault10learning.pdf:PDF},
  owner = {jmaye},
  timestamp = {2011.01.18}
}

@INPROCEEDINGS{puzicha99histogram,
  author = {Jan Puzicha and Thomas Hofmann and Joachim M. Buhmann},
  title = {Histogram Clustering for Unsupervised Image Segmentation},
  booktitle = {Proc. of the 12st IEEE Conference on Computer Vision and Pattern
	Recognition (CVPR)},
  year = {1999},
  file = {puzicha99histogram.pdf:puzicha99histogram.pdf:PDF},
  owner = {jmaye},
  pdf = {puzicha99histogram.pdf},
  timestamp = {2010.04.01}
}

@INPROCEEDINGS{quingji08detection,
  author = {Gao Qingji and Yue Yue and Yang Guoqing},
  title = {Detection of Public Information Sign in Airport Terminal Based on
	Multi-scales Spatio-Temporal Vision Information},
  booktitle = {Proc. of the International Conference on Computer Science and Software
	Engineering},
  year = {2008},
  volume = {6},
  pages = {67-72},
  month = dec,
  file = {quingji08detection.pdf:quingji08detection.pdf:PDF},
  owner = {jmaye},
  pdf = {quingji08detection.pdf},
  timestamp = {2010.02.08}
}

@INPROCEEDINGS{quattoni04conditional,
  author = {Ariadna Quattoni and Michael Collins and Trevor Darrell},
  title = {Conditional Random Fields for Object Recognition},
  booktitle = {Proc. of the 18th Annual Conference on Neural Information Processing
	Systems (NIPS)},
  year = {2004},
  file = {quattoni04conditional.pdf:quattoni04conditional.pdf:PDF},
  owner = {jmaye},
  timestamp = {2011.01.04}
}

@ARTICLE{raj10information,
  author = {Anil Raj and Chris H. Wiggins},
  title = {An Information-Theoretic Derivation of Min-Cut-Based Clustering},
  journal = {IEEE Transactions on Pattern Analysis and Machine Intelligence (PAMI)},
  year = {2010},
  number = {6},
  month = {June},
  volume = {32},
  pages = {988-995},
  file = {raj10information.pdf:raj10information.pdf:PDF},
  owner = {jmaye},
  timestamp = {2010.05.30}
}

@INPROCEEDINGS{rakhlin10online,
  author = {Alexander Rakhlin and Karthik Sridharan and Ambuj Tewari},
  title = {Online Learning: Random Averages, Combinatorial Parameters, and Learnability},
  booktitle = {Proc. of the 24th Annual Conference on Neural Information Processing
	Systems (NIPS)},
  year = {2010},
  file = {rakhlin10online.pdf:rakhlin10online.pdf:PDF},
  owner = {jmaye},
  timestamp = {2010.12.14}
}

@INPROCEEDINGS{ranganathan10pliss,
  author = {Ananth Ranganathan},
  title = {{PLISS}: Detecting and Labeling Places Using Online Change-Point
	Detection},
  booktitle = {Proc. of the 6th Robotics: Science and Systems Conference (RSS)},
  year = {2010},
  file = {ranganathan10pliss.pdf:ranganathan10pliss.pdf:PDF},
  owner = {jmaye},
  timestamp = {2010.08.04}
}

@INPROCEEDINGS{ranganathan09bayesian,
  author = {Ananth Ranganathan and Frank Dellaert},
  title = {Bayesian Surprise and Landmark Detection},
  booktitle = {Proc. IEEE Int. Conf. Robot. Automat.},
  year = {2009},
  file = {ranganathan09bayesian.pdf:ranganathan09bayesian.pdf:PDF},
  owner = {jmaye},
  timestamp = {2010.09.14}
}

@INPROCEEDINGS{ranganathan06rao,
  author = {Ananth Ranganathan and Frank Dellaert},
  title = {A {Rao}-{Blackwellized} Particle Filter for Topological Mapping},
  booktitle = {Proc. of the IEEE International Conference on Robotics and Automation
	(ICRA)},
  year = {2006},
  file = {ranganathan06rao.pdf:ranganathan06rao.pdf:PDF},
  owner = {jmaye},
  timestamp = {2010.09.16}
}

@ARTICLE{ranney94models,
  author = {Thomas A. Ranney},
  title = {Models of driving behavior: A review of their evolution},
  journal = {Accident Analysis \& Prevention},
  year = {1994},
  number = {6},
  month = {Dec.},
  volume = {26},
  pages = {733-750},
  file = {ranney94models.pdf:ranney94models.pdf:PDF},
  owner = {jmaye},
  timestamp = {2011.01.28}
}

@ARTICLE{rao10motion,
  author = {Shankar Rao and Roberto Tron and Rene Vidal and Yi Ma},
  title = {Motion Segmentation in the Presence of Outlying, Incomplete, or Corrupted
	Trajectories},
  journal = {IEEE Transactions on Pattern Analysis and Machine Intelligence (PAMI)},
  year = {2010},
  number = {10},
  month = {October},
  volume = {32},
  pages = {1832-1845},
  file = {rao10motion.pdf:rao10motion.pdf:PDF},
  owner = {jmaye},
  timestamp = {2011.01.04}
}

@INPROCEEDINGS{raptis10tracklet,
  author = {Michalis Raptis and Stefano Soatto},
  title = {Tracklet Descriptors for Action Modeling and Video Analysis},
  booktitle = {Proc. of the 11th European Conference on Computer Vision (ECCV)},
  year = {2010},
  file = {raptis10tracklet.pdf:raptis10tracklet.pdf:PDF},
  owner = {jmaye},
  timestamp = {2010.08.04}
}

@INPROCEEDINGS{rasmussen00infinite,
  author = {Carl Edward Rasmussen},
  title = {The Infinite Gaussian Mixture Model},
  booktitle = {Proc. of the 14th Annual Conference on Neural Information Processing
	Systems (NIPS)},
  year = {2000},
  file = {rasmussen00infinite.pdf:rasmussen00infinite.pdf:PDF},
  owner = {jmaye},
  timestamp = {2010.12.10}
}

@ARTICLE{rocha10progressive,
  author = {Anderson Rocha and Siome Goldenstein},
  title = {Progressive randomization: Seeing the unseen},
  journal = {Computer Vision and Image Understanding},
  year = {2010},
  volume = {114},
  pages = {349-362},
  file = {rocha10progressive.pdf:rocha10progressive.pdf:PDF},
  owner = {jmaye},
  timestamp = {2011.01.04}
}

@INPROCEEDINGS{rodgers06object,
  author = {Rodgers, Jim and Anguelov, Dragomir and Pang, Hoi-Cheung and Koller,
	Daphne},
  title = {Object Pose Detection in Range Scan Data},
  booktitle = {Proc. of the 19th IEEE Conference on Computer Vision and Pattern
	Recognition (CVPR)},
  year = {2006},
  pages = {2445--2452},
  address = {Washington, DC, USA},
  publisher = {IEEE Computer Society},
  file = {rodgers06object.pdf:rodgers06object.pdf:PDF},
  pdf = {rodgers06object.pdf}
}

@INPROCEEDINGS{rodriguez09tracking,
  author = {Mikel Rodriguez and Saad Ali and Takeo Kanade},
  title = {Tracking in Unstructured Crowded Scenes},
  booktitle = {Proc. of the 12th IEEE International Conference on Computer Vision
	(ICCV)},
  year = {2009},
  file = {rodriguez09tracking.pdf:rodriguez09tracking.pdf:PDF},
  owner = {jmaye},
  timestamp = {2010.08.04}
}

@INPROCEEDINGS{rohrbach10what,
  author = {Marcus Rohrbach and Michael Stark and Gyorgy Szarvas and Iryna Gurevych
	and Bernt Schiele},
  title = {What Helps Where – And Why? Semantic Relatedness for Knowledge Transfer},
  booktitle = {Proc. of the 23nd IEEE Conference on Computer Vision and Pattern
	Recognition (CVPR)},
  year = {2010},
  file = {rohrbach10what.pdf:rohrbach10what.pdf:PDF},
  owner = {jmaye},
  timestamp = {2010.08.04}
}

@ARTICLE{rosten10faster,
  author = {Edward Rosten and Reid Porter and Tom Drummond},
  title = {Faster and Better: A Machine Learning Approach to Corner Detection},
  journal = {IEEE Transactions on Pattern Analysis and Machine Intelligence (PAMI)},
  year = {2010},
  number = {1},
  month = {January},
  volume = {32},
  pages = {105-119},
  file = {rosten10faster.pdf:rosten10faster.pdf:PDF},
  owner = {jmaye},
  pdf = {rosten10faster.pdf},
  timestamp = {2010.03.11}
}

@INPROCEEDINGS{rufli09application,
  author = {Martin Rufli and Roland Siegwart},
  title = {On the Application of the {D}* Search Algorithm to Time-Based Planning
	on Lattice Graphs},
  booktitle = {Proc. of the 4th European Conference on Mobile Robotics (ECMR)},
  year = {2009},
  file = {rufli09application.pdf:rufli09application.pdf:PDF},
  owner = {jmaye},
  timestamp = {2010.12.20}
}

@INPROCEEDINGS{russell09segmenting,
  author = {Bryan C. Russell and Alexei A. Efros and Josef Sivic and William
	T. Freeman and Andrew Zisserman},
  title = {Segmenting Scenes by Matching Image Composites},
  booktitle = {Proc. of the 23rd Annual Conference on Neural Information Processing
	Systems (NIPS)},
  year = {2009},
  file = {russell09segmenting.pdf:russell09segmenting.pdf:PDF},
  owner = {jmaye},
  pdf = {russell09segmenting.pdf},
  timestamp = {2010.01.11}
}

@INPROCEEDINGS{rusu09fast,
  author = {Radu Bogdan Rusu and Andreas Holzbach and Nico Blodow and Michael
	Beetz},
  title = {Fast Geometric Point Labeling using Conditional Random Fields},
  booktitle = {Proc. of the IEEE/RSJ International Conference on Intelligent Robots
	and Systems (IROS)},
  year = {2009},
  file = {rusu09fast.pdf:rusu09fast.pdf:PDF},
  owner = {jmaye},
  pdf = {rusu09fast.pdf},
  timestamp = {2010.04.23}
}

@ARTICLE{ryoo10stochastic,
  author = {M.S. Ryoo and J.K. Aggarwal},
  title = {Stochastic Representation and Recognition of High-Level Group Activities},
  journal = {International Journal of Computer Vision (IJCV)},
  year = {2010},
  note = {Online},
  file = {ryoo10stochastic.pdf:ryoo10stochastic.pdf:PDF},
  owner = {jmaye},
  timestamp = {2011.01.04}
}

@INPROCEEDINGS{saatci10gaussian,
  author = {Yunus Saatci and Ryan Turner and Carl Edward Rasmussen},
  title = {Gaussian Process Change Point Models},
  booktitle = {Proc. of the 27th International Conference on Machine Learning (ICML)},
  year = {2010},
  file = {saatci10gaussian.pdf:saatci10gaussian.pdf:PDF},
  owner = {jmaye},
  timestamp = {2011.01.04}
}

@ARTICLE{saleemi09probabilistic,
  author = {Imran Saleemi and Khurram Shafiquem and Mubarak Shah},
  title = {Probabilistic Modeling of Scene Dynamics for Applications in Visual
	Surveillance},
  journal = {IEEE Transactions on Pattern Analysis and Machine Intelligence (PAMI)},
  year = {2009},
  number = {8},
  month = {August},
  volume = {31},
  pages = {1472-1485},
  file = {saleemi09probabilistic.pdf:saleemi09probabilistic.pdf:PDF},
  owner = {jmaye},
  pdf = {saleemi09probabilistic.pdf},
  timestamp = {2010.03.11}
}

@INPROCEEDINGS{salzmann10combining,
  author = {Mathieu Salzmann and Raquel Urtasun},
  title = {Combining Discriminative and Generative Methods for 3D Deformable
	Surface and Articulated Pose Reconstruction},
  booktitle = {Proc. of the 23nd IEEE Conference on Computer Vision and Pattern
	Recognition (CVPR)},
  year = {2010},
  file = {salzmann10combining.pdf:salzmann10combining.pdf:PDF},
  owner = {jmaye},
  timestamp = {2010.08.04}
}

@ARTICLE{sande10evaluating,
  author = {Koen E.A. van de Sande and Theo Gevers and Cees G.M. Snoek},
  title = {Evaluating Color Descriptors for Object and Scene Recognition},
  journal = {IEEE Transactions on Pattern Analysis and Machine Intelligence (PAMI)},
  year = {2010},
  number = {9},
  month = {September},
  volume = {32},
  pages = {1582-1596},
  file = {sande10evaluating.pdf:sande10evaluating.pdf:PDF},
  owner = {jmaye},
  timestamp = {2010.08.04}
}

@INPROCEEDINGS{satkin10modeling,
  author = {Scott Satkin and Martial Hebert},
  title = {Modeling the Temporal Extent of Actions},
  booktitle = {Proc. of the 11th European Conference on Computer Vision (ECCV)},
  year = {2010},
  file = {satkin10modeling.pdf:satkin10modeling.pdf:PDF},
  owner = {jmaye},
  timestamp = {2010.08.04}
}

@ARTICLE{saxena09make3d,
  author = {Ashutosh Saxena and Min Sun and Andrew Y. Ng},
  title = {Make3D: Learning 3D Scene Structure from a Single Still Image},
  journal = {IEEE Transactions on Pattern Analysis and Machine Intelligence (PAMI)},
  year = {2009},
  number = {5},
  month = {May},
  volume = {31},
  pages = {824-840},
  file = {saxena09make3d.pdf:saxena09make3d.pdf:PDF},
  owner = {jmaye},
  pdf = {saxena09make3d.pdf},
  timestamp = {2010.03.11}
}

@INPROCEEDINGS{schindler07city,
  author = {Schindler, G. and Brown, M. and Szeliski, R.},
  title = {City-Scale Location Recognition},
  booktitle = {Proc. of the 20th IEEE Conference on Computer Vision and Pattern
	Recognition (CVPR)},
  year = {2007},
  pages = {1-7},
  month = {June},
  file = {schindler07city.pdf:schindler07city.pdf:PDF},
  pdf = {schindler07city.pdf}
}

@INCOLLECTION{schmid05pattern,
  author = {Cordelia Schmid and Gyuri Dork\'o and Svetlana Lazebnik and Krystian
	Mikolajczyk and Jean Ponce},
  title = {Pattern recognition with local invariant features},
  booktitle = {Handbook of Pattern Recognition and Computer Vision},
  publisher = {World Scientific},
  year = {2005},
  editor = {C.H. Chen and P.S.P Wang},
  edition = {Third},
  file = {schmid05pattern.ps:schmid05pattern.ps:PostScript},
  keywords = {LEAR PASCAL},
  url = {http://lear.inrialpes.fr/pubs/2005/SDLMP05}
}

@INPROCEEDINGS{schnitzspan10automatic,
  author = {Paul Schnitzspan and Stefan Roth and Bernt Schiele},
  title = {Automatic Discovery of Meaningful Object Parts with Latent CRFs},
  booktitle = {Proc. of the 23nd IEEE Conference on Computer Vision and Pattern
	Recognition (CVPR)},
  year = {2010},
  file = {schnitzspan10automatic.pdf:schnitzspan10automatic.pdf:PDF},
  owner = {jmaye},
  timestamp = {2010.08.04}
}

@ARTICLE{schoenemann10combinatorial,
  author = {Thomas Schoenemann and Daniel Cremers},
  title = {A Combinatorial Solution for Model-Based Image Segmentation and Real-Time
	Tracking},
  journal = {IEEE Transactions on Pattern Analysis and Machine Intelligence (PAMI)},
  year = {2010},
  number = {7},
  month = {July},
  volume = {32},
  pages = {1153-1164},
  file = {schoenemann10combinatorial.pdf:schoenemann10combinatorial.pdf:PDF},
  owner = {jmaye},
  timestamp = {2010.05.28}
}

@INPROCEEDINGS{schwartz09human,
  author = {William Robson Schwartz and Aniruddha Kembhavi and David Harwood
	and Larry S. Davis},
  title = {Human Detection Using Partial Least Squares Analysis},
  booktitle = {Proc. of the 12th IEEE International Conference on Computer Vision
	(ICCV)},
  year = {2009},
  file = {schwartz09human.pdf:schwartz09human.pdf:PDF},
  pdf = {schwartz09human.pdf}
}

@INPROCEEDINGS{scovanner09learning,
  author = {Paul Scovanner and Marshall F. Tappen},
  title = {Learning Pedestrian Dynamics from the Real World},
  booktitle = {Proc. of the 12th IEEE International Conference on Computer Vision
	(ICCV)},
  year = {2009},
  file = {scovanner09learning.pdf:scovanner09learning.pdf:PDF},
  owner = {jmaye},
  timestamp = {2010.08.04}
}

@ARTICLE{seeger10variational,
  author = {Matthias W. Seeger and David P. Wipf},
  title = {Variational Bayesian Inference Techniques},
  journal = {IEEE Signal Processing Magazine},
  year = {2010},
  month = {November},
  pages = {81-91},
  file = {seeger10variational.pdf:seeger10variational.pdf:PDF},
  owner = {jmaye},
  timestamp = {2011.01.04}
}

@INPROCEEDINGS{seemann05evaluation,
  author = {Edgar Seemann and Bastian Leibe and Krystian Mikolajczyk and Bernt
	Schiele},
  title = {An Evaluation of Local Shape-Based Features for Pedestrian Detection},
  booktitle = {Proc. of the 16th British Machine Vision Conference (BMVC)},
  year = {2005},
  file = {seemann05evaluation.pdf:seemann05evaluation.pdf:PDF},
  owner = {jmaye},
  pdf = {seemann05evaluation.pdf},
  timestamp = {2010.01.20}
}

@ARTICLE{shang10real,
  author = {Limin Shang and Michael Greenspan},
  title = {Real-time Object Recognition in Sparse Range Images Using Error Surface
	Embedding},
  journal = {International Journal of Computer Vision (IJCV)},
  year = {2010},
  volume = {89},
  pages = {211-228},
  file = {shang10real.pdf:shang10real.pdf:PDF},
  owner = {jmaye},
  timestamp = {2010.05.30}
}

@INPROCEEDINGS{shechtman07matching,
  author = {Eli Shechtman and Michal Irani},
  title = {Matching Local Self-Similarities across Images and Videos},
  booktitle = {Proc. of the 20th IEEE Conference on Computer Vision and Pattern
	Recognition (CVPR)},
  year = {2007},
  file = {shechtman07matching.pdf:shechtman07matching.pdf:PDF},
  owner = {jmaye},
  timestamp = {2010.08.05}
}

@INPROCEEDINGS{sheehan10automatic,
  author = {Mark Sheehan and Alastair Harrison and Paul Newman},
  title = {Automatic Self-Calibration Of A Full Field-Of-View 3D n-Laser Scanner},
  booktitle = {Proc. of the 12th International Symposium on Experimental Robotics
	(ISER)},
  year = {2010},
  file = {sheehan10automatic.pdf:sheehan10automatic.pdf:PDF},
  owner = {jmaye},
  timestamp = {2011.01.18}
}

@ARTICLE{shi10online,
  author = {Chaoxia Shi and Yanqing Wang and Jingyu Yang},
  title = {Online topological map building and qualitative localization in large-scale
	environment},
  journal = {Robotics and Autonomous Systems (RAS)},
  year = {2010},
  volume = {58},
  pages = {488-496},
  file = {shi10online.pdf:shi10online.pdf:PDF},
  owner = {jmaye},
  timestamp = {2010.05.28}
}

@ARTICLE{shi00normalized,
  author = {Jianbo Shi and Jitendra Malik},
  title = {Normalized Cuts and Image Segmentation},
  journal = {IEEE Transactions on Pattern Analysis and Machine Intelligence (PAMI)},
  year = {2000},
  number = {8},
  month = {August},
  volume = {22},
  pages = {888-905},
  file = {shi00normalized.pdf:shi00normalized.pdf:PDF},
  owner = {jmaye},
  timestamp = {2011.01.10}
}

@INPROCEEDINGS{shroff10moving,
  author = {Nitesh Shroff and Pavan Turaga and Rama Chellappa},
  title = {Moving Vistas: Exploiting Motion for Describing Scenes},
  booktitle = {Proc. of the 23nd IEEE Conference on Computer Vision and Pattern
	Recognition (CVPR)},
  year = {2010},
  file = {shroff10moving.pdf:shroff10moving.pdf:PDF},
  owner = {jmaye},
  timestamp = {2010.08.04}
}

@INPROCEEDINGS{sibley10planes,
  author = {Gabe Sibley and Christopher Mei and Ian Reid and Paul Newman},
  title = {Planes, Trains and Automobiles – Autonomy for the Modern Robot},
  booktitle = {Proc. of The IEEE International Conference on Robotics and Automation
	(ICRA)},
  year = {2010},
  month = {May},
  file = {sibley10planes.pdf:sibley10planes.pdf:PDF},
  owner = {jmaye},
  pdf = {sibley10planes.pdf},
  timestamp = {2010.03.09}
}

@INPROCEEDINGS{silpa08optimised,
  author = {Silpa-Anan, C. and Hartley, R.},
  title = {Optimised KD-trees for fast image descriptor matching},
  booktitle = {Proc. of the 21st IEEE Conference on Computer Vision and Pattern
	Recognition (CVPR)},
  year = {2008},
  pages = {1-8},
  month = {June},
  file = {silpa08optimised.pdf:silpa08optimised.pdf:PDF},
  pdf = {silpa08optimised.pdf}
}

@ARTICLE{silver10learning,
  author = {David Silver and J. Andrew Bagnell and Anthony Stentz},
  title = {Learning from Demonstration for Autonomous Navigation in Complex
	Unstructured Terrain},
  journal = {The International Journal of Robotics Research (IJRR)},
  year = {2010},
  file = {silver10learning.pdf:silver10learning.pdf:PDF},
  owner = {jmaye},
  timestamp = {2010.08.04}
}

@INPROCEEDINGS{siva10action,
  author = {Parthipan Siva and Tao Xiang},
  title = {Action Detection in Crowd},
  booktitle = {Proc. of the 21th British Machine Vision Conference (BMVC)},
  year = {2010},
  file = {siva10action.pdf:siva10action.pdf:PDF},
  owner = {jmaye},
  timestamp = {2010.12.13}
}

@INPROCEEDINGS{sivic05discovering,
  author = {Josef Sivic and Bryan C. Russell and Alexei A. Efros and Andrew Zisserman
	and William T. Freeman},
  title = {Discovering objects and their location in images},
  booktitle = {Proc. of the 10th IEEE International Conference on Computer Vision
	(ICCV)},
  year = {2005},
  file = {sivic05discovering.pdf:sivic05discovering.pdf:PDF},
  owner = {jmaye},
  timestamp = {2010.09.16}
}

@TECHREPORT{sivic05discovering2,
  author = {Josef Sivic and Bryan C. Russell and Alexei A. Efros and Andrew Zisserman
	and William T. Freeman},
  title = {Discovering Object Categories in Image Collections},
  institution = {MIT-CSAIL},
  year = {2005},
  file = {sivic05discovering2.pdf:sivic05discovering2.pdf:PDF},
  owner = {jmaye},
  timestamp = {2010.11.16}
}

@INPROCEEDINGS{sivic08unsupervised,
  author = {Josef Sivic and Bryan C. Russell and Andrew Zisserman and William
	T. Freeman and Alexei A. Efros},
  title = {Unsupervised discovery of visual object class hierarchies},
  booktitle = {Proc. of the 21st IEEE Conference on Computer Vision and Pattern
	Recognition (CVPR)},
  year = {2008},
  file = {sivic08unsupervised.pdf:sivic08unsupervised.pdf:PDF},
  pdf = {sivic08unsupervised.pdf}
}

@INPROCEEDINGS{sivic03video,
  author = {Josef Sivic and Andrew Zisserman},
  title = {Video {G}oogle: A Text Retrieval Approach to Object Matching in Videos},
  booktitle = {Proc. IEEE Int. Conf. Comput. Vis.},
  year = {2003},
  file = {sivic03video.pdf:sivic03video.pdf:PDF},
  owner = {jmaye},
  timestamp = {2010.11.23}
}

@INPROCEEDINGS{slobodan08object,
  author = {Slobodan, I.},
  title = {Object labeling for recognition using vocabulary trees},
  booktitle = {Proc. of the 19th International Conference on Pattern Recognition
	(ICPR)},
  year = {2008},
  pages = {1-4},
  month = {Dec.},
  file = {slobodan08object.pdf:slobodan08object.pdf:PDF},
  pdf = {slobodan08object.pdf}
}

@INPROCEEDINGS{sommerlade10probabilistic,
  author = {Eric Sommerlade and Ian Reid},
  title = {Probabilistic Surveillance with Multiple Active Cameras},
  booktitle = {Proc. of The IEEE International Conference on Robotics and Automation
	(ICRA)},
  year = {2010},
  month = {May},
  file = {sommerlade10probabilistic.pdf:sommerlade10probabilistic.pdf:PDF},
  owner = {jmaye},
  pdf = {sommerlade10probabilistic.pdf},
  timestamp = {2010.03.09}
}

@INPROCEEDINGS{song10online,
  author = {Xuan Song and Xiaowei Shao and Huijing Zhao and Jinshi Cui and Ryosuke
	Shibasaki and Hongbin Zha},
  title = {An Online Approach: Learning-Semantic-Scene-by-Tracking and Tracking-by-Learning-Semantic-Scene},
  booktitle = {Proc. of the 23nd IEEE Conference on Computer Vision and Pattern
	Recognition (CVPR)},
  year = {2010},
  file = {song10online.pdf:song10online.pdf:PDF},
  owner = {jmaye},
  timestamp = {2010.08.04}
}

@INPROCEEDINGS{song10fusion,
  author = {Xuan Song and Huijing Zhao and Jinshi Cui and Xiaowei Shao and Ryosuke
	Shibasaki and Hongbin Zha},
  title = {Fusion of Laser and Vision for Multiple Targets Tracking via On-line
	Learning},
  booktitle = {Proc. of The IEEE International Conference on Robotics and Automation
	(ICRA)},
  year = {2010},
  month = {May},
  file = {song10fusion.pdf:song10fusion.pdf:PDF},
  owner = {jmaye},
  pdf = {song10fusion.pdf},
  timestamp = {2010.03.09}
}

@INPROCEEDINGS{spinello09detecting,
  author = {L Spinello and A Macho and R Triebel and R Siegwart},
  title = {Detecting Pedestrians at Very Small Scales},
  booktitle = {Proc. of the IEEE/RSJ International Conference on Intelligent Robots
	and Systems (IROS)},
  year = {2009},
  month = {October},
  file = {spinello09detecting.pdf:spinello09detecting.pdf:PDF},
  pdf = {spinello09detecting.pdf}
}

@INPROCEEDINGS{spinello08human,
  author = {Spinello, L. and Siegwart, R.},
  title = {Human detection using multimodal and multidimensional features},
  booktitle = {Proc. of the IEEE International Conference on Robotics and Automation
	(ICRA)},
  year = {2008},
  pages = {3264--3269},
  file = {spinello08human.pdf:spinello08human.pdf:PDF},
  pdf = {spinello08human.pdf}
}

@INPROCEEDINGS{spinello08region,
  author = {Spinello, L. and Siegwart, R.},
  title = {Region of Interest Generation in Dynamic Environments Using Local
	Entropy Fields},
  booktitle = {Proc. of the 6th International Conference on Computer VIsion Systems
	(ICVS)},
  year = {2008},
  volume = {5008},
  pages = {89},
  file = {spinello08region.pdf:spinello08region.pdf:PDF},
  pdf = {spinello08region.pdf}
}

@INPROCEEDINGS{spinello08unsupervised,
  author = {Spinello, L. and Siegwart, R.},
  title = {Unsupervised Detection of Artificial Objects in Outdoor Environments},
  booktitle = {Proc. of the 6th International Conference on Field and Service Robotics
	(FSR)},
  year = {2008},
  volume = {42},
  pages = {401--410},
  organization = {Springer},
  file = {spinello08unsupervised.pdf:spinello08unsupervised.pdf:PDF},
  pdf = {spinello08unsupervised.pdf}
}

@INPROCEEDINGS{spinello09multiclass,
  author = {Luciano Spinello and Rudolph Triebel and Roland Siegwart},
  title = {Multiclass Multimodal Detection and Tracking in Urban Environments},
  booktitle = {Proc. of the 7th International Conference on Field and Service Robotics
	(FSR)},
  year = {2009},
  file = {spinello09multiclass.pdf:spinello09multiclass.pdf:PDF},
  owner = {jmaye},
  pdf = {spinello09multiclass.pdf},
  timestamp = {2010.01.04}
}

@INPROCEEDINGS{spinello08multimodal,
  author = {Luciano Spinello and Rudolph Triebel and Roland Siegwart},
  title = {Multimodal People Detection and Tracking in Crowded Scenes},
  booktitle = {Proc. of The AAAI Conference on Artificial Intelligence (Physically
	Grounded AI Track)},
  year = {2008},
  file = {spinello08multimodal.pdf:spinello08multimodal.pdf:PDF},
  pdf = {spinello08multimodal.pdf}
}

@INPROCEEDINGS{spinello08multimodal2,
  author = {Spinello, L. and Triebel, R. and Siegwart, R.},
  title = {Multimodal detection and tracking of pedestrians in urban environments
	with explicit ground plane extraction},
  booktitle = {Proc. of the IEEE/RSJ International Conference on Intelligent Robots
	and Systems (IROS)},
  year = {2008},
  pages = {1823-1829},
  month = sept,
  file = {spinello08multimodal2.pdf:spinello08multimodal2.pdf:PDF},
  pdf = {spinello08multimodal2.pdf}
}

@INPROCEEDINGS{stark10back,
  author = {Michael Stark and Michael Goesele and Bernt Schiele},
  title = {Back to the Future: Learning Shape Models from 3D CAD Data},
  booktitle = {Proc. of the 21th British Machine Vision Conference (BMVC)},
  year = {2010},
  file = {stark10back.pdf:stark10back.pdf:PDF},
  owner = {jmaye},
  timestamp = {2010.12.13}
}

@ARTICLE{stauffer00learning,
  author = {Chris Stauffer and W. Eric L. Grimson},
  title = {Learning Patterns of Activity Using Real-Time Tracking},
  journal = {IEEE Transactions on Pattern Analysis and Machine Intelligence (PAMI)},
  year = {2000},
  number = {8},
  month = {August},
  volume = {22},
  pages = {747-757},
  file = {stauffer00learning.pdf:stauffer00learning.pdf:PDF},
  owner = {jmaye},
  timestamp = {2010.12.13}
}

@INPROCEEDINGS{steder10robust,
  author = {Bastian Steder and Giorgio Grisetti and Wolfram Burgard},
  title = {Robust Place Recognition for 3D Range Data based on Point Features},
  booktitle = {Proc. of The IEEE International Conference on Robotics and Automation
	(ICRA)},
  year = {2010},
  month = {May},
  file = {steder10robust.pdf:steder10robust.pdf:PDF},
  owner = {jmaye},
  pdf = {steder10robust.pdf},
  timestamp = {2010.03.09}
}

@INPROCEEDINGS{sturgess09combining,
  author = {P. Sturgess and K. Alahari and L. Ladick´y and P. Torr},
  title = {Combining Appearance and Structure from Motion Features for Road
	Scene Understanding},
  booktitle = {Proc. of the 20th British Machine Vision Conference (BMVC)},
  year = {2009},
  month = sep,
  note = {in press},
  file = {sturgess09combining.pdf:sturgess09combining.pdf:PDF},
  pdf = {sturgess09combining.pdf}
}

@INPROCEEDINGS{sturm10vision,
  author = {Jurgen Sturm and Kurt Konolige and Cyrill Stachniss and Wolfram Burgard},
  title = {Vision-based Detection for Learning Articulation Models of Cabinet
	Doors and Drawers in Household Environments},
  booktitle = {Proc. of The IEEE International Conference on Robotics and Automation
	(ICRA)},
  year = {2010},
  month = {May},
  file = {sturm10vision.pdf:sturm10vision.pdf:PDF},
  owner = {jmaye},
  pdf = {sturm10vision.pdf},
  timestamp = {2010.03.09}
}

@INPROCEEDINGS{su09learning,
  author = {Hao Su and Min Sun and Li Fei-Fei and Silvio Savarese},
  title = {Learning a dense multi-view representation for detection, viewpoint
	classification and synthesis of object categories},
  booktitle = {Proc. of the 12th IEEE International Conference on Computer Vision
	(ICCV)},
  year = {2009},
  file = {su09learning.pdf:su09learning.pdf:PDF},
  pdf = {su09learning.pdf}
}

@INPROCEEDINGS{su10improving,
  author = {Yu Su and Moray Allan and Frederic Jurie},
  title = {Improving object classification using semantic attributes},
  booktitle = {Proc. of the 21th British Machine Vision Conference (BMVC)},
  year = {2010},
  file = {su10improving.pdf:su10improving.pdf:PDF},
  owner = {jmaye},
  timestamp = {2010.12.13}
}

@INPROCEEDINGS{sudderth08shared,
  author = {Erik B. Sudderth and Michael I. Jordan},
  title = {Shared Segmentation of Natural Scenes Using Dependent Pitman-Yor
	Processes},
  booktitle = {Proc. of the 22nd Annual Conference on Neural Information Processing
	Systems (NIPS)},
  year = {2008},
  file = {sudderth08shared.pdf:sudderth08shared.pdf:PDF},
  owner = {jmaye},
  timestamp = {2010.12.14}
}

@INPROCEEDINGS{sudderth05learning,
  author = {Erik B. Sudderth and Antonio Torralba and William T. Freeman and
	Alan S. Willsky},
  title = {Learning Hierarchical Models of Scenes, Objects, and Parts},
  booktitle = {Proc. of the 10th IEEE International Conference on Computer Vision
	(ICCV)},
  year = {2005},
  file = {sudderth05learning.pdf:sudderth05learning.pdf:PDF},
  owner = {jmaye},
  timestamp = {2011.01.04}
}

@ARTICLE{sun10learning,
  author = {Jie Sun and Joshua L. Moore and Aaron Bobick and James M. Rehg},
  title = {Learning Visual Object Categories for Robot Affordance Prediction},
  journal = {The International Journal of Robotics Research (IJRR)},
  year = {2010},
  number = {2-3},
  month = {February},
  volume = {29},
  pages = {174-197},
  file = {sun10learning.pdf:sun10learning.pdf:PDF},
  owner = {jmaye},
  timestamp = {2010.05.28}
}

@INPROCEEDINGS{sun10hierarchical,
  author = {Ju Sun and Xiao Wu and Shuicheng Yan and Loong-Fah Cheong and Tat-Seng
	Chua and Jintao Li},
  title = {Hierarchical Spatio-Temporal Context Modeling for Action Recognition},
  booktitle = {Proc. of the 23nd IEEE Conference on Computer Vision and Pattern
	Recognition (CVPR)},
  year = {2010},
  file = {sun10hierarchical.pdf:sun10hierarchical.pdf:PDF},
  owner = {jmaye},
  timestamp = {2010.08.04}
}

@INPROCEEDINGS{sun09action,
  author = {Xinghua Sun and Mingyu Chen and Hauptmann, A.},
  title = {Action recognition via local descriptors and holistic features},
  booktitle = {Workshop of the 22nd IEEE Conference on Computer Vision and Pattern
	Recognition (CVPR)},
  year = {2009},
  pages = {58-65},
  month = {June},
  file = {sun09action.pdf:sun09action.pdf:PDF},
  pdf = {sun09action.pdf}
}

@INPROCEEDINGS{sun10inferring,
  author = {Zuolei Sun and Joop van de Ven and Fabio Ramos and Xuchu Mao and
	Hugh Durrant-Whyte},
  title = {Inferring Motion Uncertainty from Shape-Matching},
  booktitle = {Proc. of The IEEE International Conference on Robotics and Automation
	(ICRA)},
  year = {2010},
  month = {May},
  file = {sun10inferring.pdf:sun10inferring.pdf:PDF},
  owner = {jmaye},
  pdf = {sun10inferring.pdf},
  timestamp = {2010.03.09}
}

@INPROCEEDINGS{sunderhauf10neurons,
  author = {Niko Sunderhauf and Peter Protzel},
  title = {From Neurons to Robots: Towards Efficient Biologically Inspired Filtering
	and SLAM},
  booktitle = {Proc. of the 33rd Annual German Conference on Artificial Intelligence
	(KI)},
  year = {2010},
  file = {sunderhauf10neurons.pdf:sunderhauf10neurons.pdf:PDF},
  owner = {jmaye},
  timestamp = {2011.01.04}
}

@INPROCEEDINGS{swadzba10dynamic,
  author = {Agnes Swadzba and Niklas Beuter and Sven Wachsmuth and Franz Kummert},
  title = {Dynamic 3D Scene Analysis for Acquiring Articulated Scene Models},
  booktitle = {Proc. of The IEEE International Conference on Robotics and Automation
	(ICRA)},
  year = {2010},
  month = {May},
  file = {swadzba10dynamic.pdf:swadzba10dynamic.pdf:PDF},
  owner = {jmaye},
  pdf = {swadzba10dynamic.pdf},
  timestamp = {2010.03.09}
}

@ARTICLE{szeliski08comparative,
  author = {Szeliski, R.S. and Zabih, R. and Scharstein, D. and Veksler, O. and
	Kolmogorov, V. and Agarwala, A. and Tappen, M. and Rother, C.},
  title = {A Comparative Study of Energy Minimization Methods for Markov Random
	Fields with Smoothness-Based Priors},
  journal = {IEEE Transactions on Pattern Analysis and Machine Intelligence (PAMI)},
  year = {2008},
  number = {6},
  month = {June},
  volume = {30},
  pages = {1068-1080},
  file = {szeliski08comparative.pdf:szeliski08comparative.pdf:PDF},
  pdf = {szeliski08comparative.pdf}
}

@INPROCEEDINGS{szeliski06comparative,
  author = {Szeliski, R.S. and Zabih, R. and Scharstein, D. and Veksler, O. and
	Kolmogorov, V. and Agarwala, A. and Tappen, M. and Rother, C.},
  title = {A Comparative Study of Energy Minimization Methods for Markov Random
	Fields},
  booktitle = {Proc. of the 9th European Conference on Computer Vision (ECCV)},
  year = {2006},
  pages = {II: 16-29},
  file = {szeliski06comparative.pdf:szeliski06comparative.pdf:PDF},
  pdf = {szeliski06comparative.pdf}
}

@INPROCEEDINGS{ta09surftrac,
  author = {Duy-Nguyen Ta and Wei-Chao Chen and Natasha Gelfand and Kari Pulli},
  title = {SURFTrac: Efficient Tracking and Continuous Object Recognition using
	Local Feature Descriptors},
  booktitle = {Proc. of the 22nd IEEE Conference on Computer Vision and Pattern
	Recognition (CVPR)},
  year = {2009},
  file = {ta09surftrac.pdf:ta09surftrac.pdf:PDF},
  pdf = {ta09surftrac.pdf}
}

@INPROCEEDINGS{tang09novel,
  author = {Feng Tang and Suk Hwan Lim and Chang, N.L. and Hai Tao},
  title = {A novel feature descriptor invariant to complex brightness changes},
  booktitle = {Proc. of the 22nd IEEE Conference on Computer Vision and Pattern
	Recognition (CVPR)},
  year = {2009},
  pages = {2631-2638},
  month = {June},
  file = {tang09novel.pdf:tang09novel.pdf:PDF},
  pdf = {tang09novel.pdf}
}

@INPROCEEDINGS{tappen08logistic,
  author = {Tappen, M.F. and Samuel, K.G.G. and Dean, C.V. and Lyle, D.M.},
  title = {The Logistic Random Field — A convenient graphical model for learning
	parameters for MRF-based labeling},
  booktitle = {Proc. of the 21st IEEE Conference on Computer Vision and Pattern
	Recognition (CVPR)},
  year = {2008},
  pages = {1-8},
  month = {June},
  file = {tappen08logistic.pdf:tappen08logistic.pdf:PDF},
  pdf = {tappen08logistic.pdf}
}

@INPROCEEDINGS{taylor10dynamical,
  author = {Graham W. Taylor and Leonid Sigal and David J. Fleet and Geoffrey
	E. Hinton},
  title = {Dynamical Binary Latent Variable Models for 3D Human Pose Tracking},
  booktitle = {Proc. of the 23nd IEEE Conference on Computer Vision and Pattern
	Recognition (CVPR)},
  year = {2010},
  file = {taylor10dynamical.pdf:taylor10dynamical.pdf:PDF},
  owner = {jmaye},
  timestamp = {2010.08.04}
}

@INPROCEEDINGS{taylor09robust,
  author = {Taylor, S. and Rosten, E. and Drummond, T.},
  title = {Robust feature matching in 2.3µs},
  booktitle = {Workshop of the 22nd IEEE Conference on Computer Vision and Pattern
	Recognition (CVPR)},
  year = {2009},
  pages = {15-22},
  month = {June},
  file = {taylor09robust.pdf:taylor09robust.pdf:PDF},
  pdf = {taylor09robust.pdf}
}

@ARTICLE{teh06hierarchical,
  author = {Y. W. Teh and M. I. Jordan and M. J. Beal and D. M. Blei},
  title = {Hierarchical Dirichlet Processes},
  journal = {Journal of the American Statistical Association},
  year = {2006},
  number = {476},
  volume = {101},
  pages = {1566-1581},
  file = {teh06hierarchical.pdf:teh06hierarchical.pdf:PDF},
  owner = {jmaye},
  timestamp = {2011.01.04}
}

@INPROCEEDINGS{thomas08using,
  author = {Thomas, A. and Ferrari, V. and Leibe, B. and Tuytelaars, T. and Van
	Gool, L.},
  title = {Using recognition to guide a robot’s attention},
  booktitle = {Proc. of the 4th Robotics: Science and Systems Conference (RSS)},
  year = {2008},
  pages = {246},
  file = {thomas08using.pdf:thomas08using.pdf:PDF},
  pdf = {thomas08using.pdf}
}

@ARTICLE{thrun06graphslam,
  author = {Sebastian Thrun and Michael Montemerlo},
  title = {The GraphSLAM Algorithm with Applications to Large-Scale Mapping
	of Urban Structures},
  journal = {The International Journal of Robotics Research (IJRR)},
  year = {2006},
  number = {5-6},
  month = {May-June},
  volume = {25},
  pages = {403-429},
  file = {thrun06graphslam.pdf:thrun06graphslam.pdf:PDF},
  owner = {jmaye},
  timestamp = {2011.01.04}
}

@INPROCEEDINGS{tian10fast,
  author = {Tai-Peng Tian and Stan Sclaroff},
  title = {Fast Globally Optimal 2D Human Detection with Loopy Graph Models},
  booktitle = {Proc. of the 23nd IEEE Conference on Computer Vision and Pattern
	Recognition (CVPR)},
  year = {2010},
  file = {tian10fast.pdf:tian10fast.pdf:PDF},
  owner = {jmaye},
  timestamp = {2010.08.04}
}

@INPROCEEDINGS{timofte09multi,
  author = {Timofte, R. and Zimmermann, K. and Van Gool, L.},
  title = {Multi-view traffic sign detection, recognition, and 3D localisation},
  booktitle = {IEEE Workshop on Applications of Computer Vision (WACV)},
  year = {2009},
  month = dec,
  file = {timofte09multi.pdf:timofte09multi.pdf:PDF},
  pdf = {timofte09multi.pdf}
}

@INPROCEEDINGS{tipaldi09motion,
  author = {Gian Diego Tipaldi and Fabio Ramos},
  title = {Motion Clustering and Estimation with Conditional Random Fields},
  booktitle = {Proc. of the IEEE/RSJ International Conference on Intelligent Robots
	and Systems (IROS)},
  year = {2009},
  file = {tipaldi09motion.pdf:tipaldi09motion.pdf:PDF},
  owner = {jmaye},
  timestamp = {2010.04.23}
}

@INPROCEEDINGS{tola08fast,
  author = {Tola, E. and Lepetit, V. and Fua, P.},
  title = {A fast local descriptor for dense matching},
  booktitle = {Proc. of the 21st IEEE Conference on Computer Vision and Pattern
	Recognition (CVPR)},
  year = {2008},
  pages = {1-8},
  month = {June},
  file = {tola08fast.pdf:tola08fast.pdf:PDF},
  pdf = {tola08fast.pdf}
}

@INPROCEEDINGS{triebel10segmentation,
  author = {Rudolph Triebel and Jiwon Shin and Roland Siegwart},
  title = {Segmentation and Unsupervised Part-based Discovery of Repetitive
	Objects},
  booktitle = {Proc. of the 6th Robotics: Science and Systems Conference (RSS)},
  year = {2010},
  file = {triebel10segmentation.pdf:triebel10segmentation.pdf:PDF},
  owner = {jmaye},
  timestamp = {2010.08.04}
}

@ARTICLE{trivino10application,
  author = {Gracian Trivino and Alberto Alvarez-Alvarez and Gonzalo Bailador},
  title = {Application of the computational theory of perceptions to human gait
	pattern recognition},
  journal = {Pattern Recognition(PR)},
  year = {2010},
  volume = {43},
  pages = {2572–2581},
  file = {trivino10application.pdf:trivino10application.pdf:PDF},
  owner = {jmaye},
  timestamp = {2010.05.28}
}

@INPROCEEDINGS{tsai10motion,
  author = {David Tsai and Matthew Flagg and James M. Rehg},
  title = {Motion Coherent Tracking with Multi-label MRF optimization},
  booktitle = {Proc. of the 21th British Machine Vision Conference (BMVC)},
  year = {2010},
  file = {tsai10motion.pdf:tsai10motion.pdf:PDF},
  owner = {jmaye},
  timestamp = {2010.12.13}
}

@INPROCEEDINGS{tsokas10multiple,
  author = {Nicolas A. Tsokas and Kostas J. Kyriakopoulos},
  title = {A Multiple Hypothesis People Tracker for Teams of Mobile Robots},
  booktitle = {Proc. of The IEEE International Conference on Robotics and Automation
	(ICRA)},
  year = {2010},
  month = {May},
  file = {tsokas10multiple.pdf:tsokas10multiple.pdf:PDF},
  owner = {jmaye},
  pdf = {tsokas10multiple.pdf},
  timestamp = {2010.03.09}
}

@INPROCEEDINGS{turner09adaptive,
  author = {Ryan Turner and Yunus Saatci and Carl Edward Rasmussen},
  title = {Adaptive Sequential Bayesian Change Point Detection},
  booktitle = {Proc. of the 23rd Annual Conference on Neural Information Processing
	Systems (NIPS)},
  year = {2009},
  file = {turner09adaptive.pdf:turner09adaptive.pdf:PDF},
  owner = {jmaye},
  timestamp = {2011.01.04}
}

@INPROCEEDINGS{tuytelaars10dense,
  author = {Tinne Tuytelaars},
  title = {Dense Interest Points},
  booktitle = {Proc. of the 23nd IEEE Conference on Computer Vision and Pattern
	Recognition (CVPR)},
  year = {2010},
  file = {tuytelaars10dense.pdf:tuytelaars10dense.pdf:PDF},
  owner = {jmaye},
  timestamp = {2010.08.04}
}

@ARTICLE{tuytelaars10unsupervised,
  author = {Tinne Tuytelaars and Christoph H. Lampert and Matthew B. Blaschko
	and Wray Buntine},
  title = {Unsupervised Object Discovery: A Comparison},
  journal = {International Journal of Computer Vision (IJCV)},
  year = {2010},
  number = {2},
  month = {June},
  volume = {88},
  pages = {284–302},
  file = {tuytelaars10unsupervised.pdf:tuytelaars10unsupervised.pdf:PDF},
  owner = {jmaye},
  pdf = {tuytelaars10unsupervised.pdf},
  timestamp = {2010.04.16}
}

@INPROCEEDINGS{tuzel09kernel,
  author = {Oncel Tuzel and Fatih Porikli and Peter Meer},
  title = {Kernel Methods for Weakly Supervised Mean Shift Clustering},
  booktitle = {Proc. of the 12th IEEE International Conference on Computer Vision
	(ICCV)},
  year = {2009},
  file = {tuzel09kernel.pdf:tuzel09kernel.pdf:PDF},
  pdf = {tuzel09kernel.pdf}
}

@INPROCEEDINGS{ullah09you,
  author = {Muhammad Muneeb Ullah and Francesco Orabona and Barbara Caputo},
  title = {You Live, You Learn, You Forget: Continuous Learning of Visual Places
	with a Forgetting Mechanism},
  booktitle = {Proc. of the IEEE/RSJ International Conference on Intelligent Robots
	and Systems (IROS)},
  year = {2009},
  file = {ullah09you.pdf:ullah09you.pdf:PDF},
  owner = {jmaye},
  pdf = {ullah09you.pdf},
  timestamp = {2010.01.04}
}

@INPROCEEDINGS{varadarajan10probabilistic,
  author = {Jagannadan Varadarajan and Remi Emonet and Jean-Marc Odobez},
  title = {Probabilistic Latent Sequential Motifs: Discovering temporal activity
	patterns in video scenes},
  booktitle = {Proc. of the 21th British Machine Vision Conference (BMVC)},
  year = {2010},
  file = {varadarajan10probabilistic.pdf:varadarajan10probabilistic.pdf:PDF},
  owner = {jmaye},
  timestamp = {2010.12.13}
}

@INPROCEEDINGS{vasquez07incremental,
  author = {Dizan Vasquez and Thierry Fraichard and Christian Laugier},
  title = {Incremental Learning of Statistical Motion Patterns with Growing
	Hidden {M}arkov Models},
  booktitle = {Proc. of the 13th International Symposium of Robotics Research (ISRR)},
  year = {2007},
  month = {November},
  file = {vasquez07incremental.pdf:vasquez07incremental.pdf:PDF},
  pdf = {vasquez07incremental.pdf}
}

@INPROCEEDINGS{ven10integrated,
  author = {Joop van de Ven and Fabio Ramos and Gian Diego Tipaldi},
  title = {An Integrated Probabilistic Model for Scan-Matching, Moving Object
	Detection and Motion Estimation},
  booktitle = {Proc. of The IEEE International Conference on Robotics and Automation
	(ICRA)},
  year = {2010},
  month = {May},
  file = {ven10integrated.pdf:ven10integrated.pdf:PDF},
  owner = {jmaye},
  pdf = {ven10integrated.pdf},
  timestamp = {2010.03.09}
}

@INPROCEEDINGS{vernaza10scalable,
  author = {Paul Vernaza and Daniel D. Lee},
  title = {Scalable real-time object recognition and segmentation via cascaded,
	discriminative Markov random fields},
  booktitle = {Proc. of The IEEE International Conference on Robotics and Automation
	(ICRA)},
  year = {2010},
  month = {May},
  file = {vernaza10scalable.pdf:vernaza10scalable.pdf:PDF},
  owner = {jmaye},
  pdf = {vernaza10scalable.pdf},
  timestamp = {2010.03.09}
}

@ARTICLE{vidal10learning,
  author = {Camille Vidal and Bruno Jedynak},
  title = {Learning to Match: Deriving Optimal Template-Matching Algorithms
	from Probabilistic Image Models},
  journal = {International Journal of Computer Vision (IJCV)},
  year = {2010},
  number = {2},
  month = {June},
  volume = {88},
  pages = {189–213},
  file = {vidal10learning.pdf:vidal10learning.pdf:PDF},
  owner = {jmaye},
  pdf = {vidal10learning.pdf},
  timestamp = {2010.04.16}
}

@ARTICLE{vijayanarasimhan10cost,
  author = {Sudheendra Vijayanarasimhan and Kristen Grauman},
  title = {Cost-Sensitive Active Visual Category Learning},
  journal = {International Journal of Computer Vision (IJCV)},
  year = {2010},
  file = {vijayanarasimhan10cost.pdf:vijayanarasimhan10cost.pdf:PDF},
  owner = {jmaye},
  timestamp = {2010.08.04}
}

@ARTICLE{viola04robust,
  author = {Viola, P. and Jones, M.J.},
  title = {Robust Real-Time Face Detection},
  journal = {International Journal of Computer Vision (IJCV)},
  year = {2004},
  number = {2},
  month = may,
  volume = {57},
  pages = {137-154},
  file = {viola04robust.pdf:viola04robust.pdf:PDF},
  pdf = {viola04robust.pdf},
  publisher = {Springer}
}

@INPROCEEDINGS{viola01rapid,
  author = {Paul Viola and Michael Jones},
  title = {Rapid Object Detection using a Boosted Cascade of Simple Features},
  booktitle = {Proc. of the 14th IEEE Conference on Computer Vision and Pattern
	Recognition (CVPR)},
  year = {2001},
  file = {viola01rapid.pdf:viola01rapid.pdf:PDF},
  owner = {jmaye},
  timestamp = {2010.11.12}
}

@INPROCEEDINGS{viola01robust,
  author = {Paul Viola and Michael Jones},
  title = {Robust Real-time Object Detection},
  booktitle = {2nd International Workshop on Statistical and Computational Theories
	of Vision},
  year = {2001},
  month = {July},
  file = {viola01robust.pdf:viola01robust.pdf:PDF},
  journal = {International Journal of Computer Vision (IJCV)},
  pdf = {viola01robust.pdf}
}

@INPROCEEDINGS{wang09simultaneous,
  author = {Chong Wang and David Blei and Li Fei-Fei},
  title = {Simultaneous Image Classification and Annotation},
  booktitle = {Proc. of the 22nd IEEE Conference on Computer Vision and Pattern
	Recognition (CVPR)},
  year = {2009},
  file = {wang09simultaneous.pdf:wang09simultaneous.pdf:PDF},
  owner = {jmaye},
  timestamp = {2011.01.04}
}

@INPROCEEDINGS{wang10comparative,
  author = {Gang Wang and David Forsyth and Derek Hoiem},
  title = {Comparative object similarity for improved recognition with few or
	no examples},
  booktitle = {Proc. of the 23nd IEEE Conference on Computer Vision and Pattern
	Recognition (CVPR)},
  year = {2010},
  file = {wang10comparative.pdf:wang10comparative.pdf:PDF},
  owner = {jmaye},
  timestamp = {2010.08.04}
}

@ARTICLE{wang10rigid,
  author = {Hongzhi Wang and John Oliensis},
  title = {Rigid Shape Matching by Segmentation Averaging},
  journal = {IEEE Transactions on Pattern Analysis and Machine Intelligence (PAMI)},
  year = {2010},
  number = {4},
  month = {April},
  volume = {32},
  pages = {619-635},
  file = {wang10rigid.pdf:wang10rigid.pdf:PDF},
  owner = {jmaye},
  pdf = {wang10rigid.pdf},
  timestamp = {2010.03.11}
}

@INPROCEEDINGS{wang10flexible,
  author = {Xiang Wang and Ian Davidson},
  title = {Flexible Constrained Spectral Clustering},
  booktitle = {Proc. of the 16th ACM SIGKDD Conference on Knowledge Discovery and
	Data Mining (KDD)},
  year = {2010},
  file = {wang10flexible.pdf:wang10flexible.pdf:PDF},
  owner = {jmaye},
  timestamp = {2011.01.04}
}

@INPROCEEDINGS{wang09hog,
  author = {Xiaoyu Wang and Tony X. Han and Shuicheng Yan},
  title = {An HOG-LBP Human Detector with Partial Occlusion Handling},
  booktitle = {Proc. of the 12th IEEE International Conference on Computer Vision
	(ICCV)},
  year = {2009},
  file = {wang09hog.pdf:wang09hog.pdf:PDF},
  pdf = {wang09hog.pdf}
}

@ARTICLE{wang09unsupervised,
  author = {Xiaogang Wang and Xiaoxu Ma and W. Eric L. Grimson},
  title = {Unsupervised Activity Perception in Crowded and Complicated Scenes
	Using Hierarchical {B}ayesian Models},
  journal = {IEEE Transactions on Pattern Analysis and Machine Intelligence (PAMI)},
  year = {2009},
  number = {3},
  month = {March},
  volume = {31},
  pages = {539-555},
  file = {wang09unsupervised.pdf:wang09unsupervised.pdf:PDF},
  owner = {jmaye},
  pdf = {wang09unsupervised.pdf},
  timestamp = {2010.03.11}
}

@ARTICLE{wang09human,
  author = {Yang Wang and Greg Mori},
  title = {Human Action Recognition by Semilatent Topic Models},
  journal = {IEEE Transactions on Pattern Analysis and Machine Intelligence (PAMI)},
  year = {2009},
  number = {10},
  month = {October},
  volume = {31},
  pages = {1762-1774},
  file = {wang09human.pdf:wang09human.pdf:PDF},
  owner = {jmaye},
  pdf = {wang09human.pdf},
  timestamp = {2010.03.11}
}

@INPROCEEDINGS{weber00unsupervised,
  author = {M. Weber and M. Welling and P. Perona},
  title = {Unsupervised Learning of Models for Recognition},
  booktitle = {Proc. of the 6th European Conference on Computer Vision (ECCV)},
  year = {2000},
  file = {weber00unsupervised.pdf:weber00unsupervised.pdf:PDF},
  owner = {jmaye},
  timestamp = {2011.01.04}
}

@INPROCEEDINGS{wei10efficient,
  author = {Yichen Wei and Litian Tao},
  title = {Efficient Histogram-Based Sliding Window},
  booktitle = {Proc. of the 23nd IEEE Conference on Computer Vision and Pattern
	Recognition (CVPR)},
  year = {2010},
  file = {wei10efficient.pdf:wei10efficient.pdf:PDF},
  owner = {jmaye},
  timestamp = {2010.08.04}
}

@INPROCEEDINGS{weinland10making,
  author = {Daniel Weinland and Mustafa Ozuysal and Pascal Fua},
  title = {Making Action Recognition Robust to Occlusions and Viewpoint Changes},
  booktitle = {Proc. of the 11th European Conference on Computer Vision (ECCV)},
  year = {2010},
  file = {weinland10making.pdf:weinland10making.pdf:PDF},
  owner = {jmaye},
  timestamp = {2010.08.04}
}

@INPROCEEDINGS{werner08induction,
  author = {Felix Werner and Charles Gretton and Frederic Maire and Joaquin Sitte},
  title = {Induction of Topological Environment Maps from Sequences of Visited
	Places},
  booktitle = {Proc. of the IEEE/RSJ International Conference on Intelligent Robots
	and Systems (IROS)},
  year = {2008},
  file = {werner08induction.pdf:werner08induction.pdf:PDF},
  owner = {jmaye},
  pdf = {werner08induction.pdf},
  timestamp = {2010.01.07}
}

@PHDTHESIS{wojek10monocular2,
  author = {Christian Alexander Wojek},
  title = {Monocular Visual Scene Understanding from Mobile Platforms},
  school = {Technische Universitat Darmstadt},
  year = {2010},
  file = {wojek10monocular2.pdf:wojek10monocular2.pdf:PDF},
  owner = {jmaye},
  timestamp = {2011.01.04}
}

@INPROCEEDINGS{wojek10monocular,
  author = {Christian Wojek and Stefan Roth and Konrad Schindler and Bernt Schiele},
  title = {Monocular 3D Scene Modeling and Inference: Understanding Multi-Object
	Traffic Scenes},
  booktitle = {Proc. of the 11th European Conference on Computer Vision (ECCV)},
  year = {2010},
  file = {wojek10monocular.pdf:wojek10monocular.pdf:PDF},
  owner = {jmaye},
  timestamp = {2010.08.04}
}

@INPROCEEDINGS{wojek08dynamic,
  author = {Wojek, C. and Schiele, B.},
  title = {A Dynamic Conditional Random Field Model for Joint Labeling of Object
	and Scene Classes},
  booktitle = {Proc. of the 10th European Conference on Computer Vision (ECCV)},
  year = {2008},
  file = {wojek08dynamic.pdf:wojek08dynamic.pdf:PDF},
  pdf = {wojek08dynamic.pdf}
}

@INPROCEEDINGS{wood06nonparametric,
  author = {Frank Wood and Thomas L. Griffiths and Zoubin Ghahramani},
  title = {A Non-Parametric Bayesian Method for Inferring Hidden Causes},
  booktitle = {Proc. of the 22nd Annual Conference on Uncertainty in Artificial
	Intelligence (UAI)},
  year = {2006},
  file = {wood06nonparametric.pdf:wood06nonparametric.pdf:PDF},
  owner = {jmaye},
  timestamp = {2010.12.14}
}

@ARTICLE{wu10online,
  author = {Hao Wu and Aswin C. Sankaranarayanan and Rama Chellappa},
  title = {Online Empirical Evaluation of Tracking Algorithms},
  journal = {IEEE Transactions on Pattern Analysis and Machine Intelligence (PAMI)},
  year = {2010},
  file = {wu10online.pdf:wu10online.pdf:PDF},
  owner = {jmaye},
  timestamp = {2010.08.04}
}

@TECHREPORT{wu09centrist,
  author = {Jianxin Wu and James M. Rehg},
  title = {{CENTRIST}: A Visual Descriptor for Scene Categorization},
  institution = {Georgia Institute of Technology},
  year = {2009},
  file = {wu09centrist.pdf:wu09centrist.pdf:PDF},
  owner = {jmaye},
  timestamp = {2010.11.16}
}

@INPROCEEDINGS{wu10chaotic,
  author = {Shandong Wu and Brian E. Moore and Mubarak Shah},
  title = {Chaotic Invariants of Lagrangian Particle Trajectories for Anomaly
	Detection in Crowded Scenes},
  booktitle = {Proc. of the 23nd IEEE Conference on Computer Vision and Pattern
	Recognition (CVPR)},
  year = {2010},
  file = {wu10chaotic.pdf:wu10chaotic.pdf:PDF},
  owner = {jmaye},
  timestamp = {2010.08.04}
}

@INPROCEEDINGS{xiong10using,
  author = {Xuehan Xiong and Daniel Huber},
  title = {Using Context to Create Semantic 3D Models of Indoor Environments},
  booktitle = {Proc. of the 21th British Machine Vision Conference (BMVC)},
  year = {2010},
  file = {xiong10using.pdf:xiong10using.pdf:PDF},
  owner = {jmaye},
  timestamp = {2010.12.13}
}

@INPROCEEDINGS{xu10realtime,
  author = {Jing Xu and Ning Xi and Chi Zhang and Quan Shi},
  title = {Real-time 3D Shape Measurement System based on Single Structure Light
	Pattern},
  booktitle = {Proc. of The IEEE International Conference on Robotics and Automation
	(ICRA)},
  year = {2010},
  month = {May},
  file = {xu10realtime.pdf:xu10realtime.pdf:PDF},
  owner = {jmaye},
  pdf = {xu10realtime.pdf},
  timestamp = {2010.03.09}
}

@INPROCEEDINGS{yao10grouplet,
  author = {Bangpeng Yao and Li Fei-Fei},
  title = {Grouplet: A Structured Image Representation for Recognizing Human
	and Object Interactions},
  booktitle = {Proc. of the 23nd IEEE Conference on Computer Vision and Pattern
	Recognition (CVPR)},
  year = {2010},
  file = {yao10grouplet.pdf:yao10grouplet.pdf:PDF},
  owner = {jmaye},
  timestamp = {2010.08.04}
}

@INPROCEEDINGS{yao10modeling,
  author = {Bangpeng Yao and Li Fei-Fei},
  title = {Modeling Mutual Context of Object and Human Pose in Human-Object
	Interaction Activities},
  booktitle = {Proc. of the 23nd IEEE Conference on Computer Vision and Pattern
	Recognition (CVPR)},
  year = {2010},
  file = {yao10modeling.pdf:yao10modeling.pdf:PDF},
  owner = {jmaye},
  timestamp = {2010.08.04}
}

@INPROCEEDINGS{yeh09fast,
  author = {Yeh, T. and Lee, J.J. and Darrell, T.},
  title = {Fast concurrent object localization and recognition},
  booktitle = {Proc. of the 22nd IEEE Conference on Computer Vision and Pattern
	Recognition (CVPR)},
  year = {2009},
  pages = {280-287},
  month = {June},
  file = {yeh09fast.pdf:yeh09fast.pdf:PDF},
  pdf = {yeh09fast.pdf}
}

@INPROCEEDINGS{yguel09error,
  author = {Manuel Yguel and Dizan Vasquez and Olivier Aycard and Roland Siegwart
	and Christian Laugier},
  title = {Error Driven Refinement of Multi-scale Gaussian Maps},
  booktitle = {Proc. of the 14th International Symposium of Robotics Research},
  year = {2009},
  file = {yguel09error.pdf:yguel09error.pdf:PDF},
  owner = {jmaye},
  timestamp = {2011.01.04}
}

@INPROCEEDINGS{yu10document,
  author = {Guan Yu and Ruizhang Huang and Zhaojun Wang},
  title = {Document Clustering via Dirichlet Process Mixture Model with Feature
	Selection},
  booktitle = {Proc. of the 16th ACM SIGKDD Conference on Knowledge Discovery and
	Data Mining (KDD)},
  year = {2010},
  file = {yu10document.pdf:yu10document.pdf:PDF},
  owner = {jmaye},
  timestamp = {2011.01.04}
}

@ARTICLE{yu10quantization,
  author = {Zhiwen Yu and Hau-San Wong},
  title = {Quantization-based clustering algorithm},
  journal = {Pattern Recognition(PR)},
  year = {2010},
  volume = {43},
  pages = {2698–2711},
  file = {yu10quantization.pdf:yu10quantization.pdf:PDF},
  owner = {jmaye},
  timestamp = {2010.05.28}
}

@INPROCEEDINGS{zhai05general,
  author = {Yun Zhai and Mubarak Shah},
  title = {A General Framework for Temporal Video Scene Segmentation},
  booktitle = {Proc. IEEE Int. Conf. Comput. Vis.},
  year = {2005},
  file = {zhai05general.pdf:zhai05general.pdf:PDF},
  owner = {jmaye},
  timestamp = {2011.01.28}
}

@INPROCEEDINGS{zhang10evolutionary,
  author = {Jianwen Zhang and Yangqiu Song and Changshui Zhang and Shixia Liu},
  title = {Evolutionary Hierarchical Dirichlet Processes for Multiple Correlated
	Time-varying Corpora},
  booktitle = {Proc. of the 16th ACM SIGKDD Conference on Knowledge Discovery and
	Data Mining (KDD)},
  year = {2010},
  file = {zhang10evolutionary.pdf:zhang10evolutionary.pdf:PDF},
  owner = {jmaye},
  timestamp = {2011.01.04}
}

@ARTICLE{zhang10image,
  author = {Lei Zhang and Qiang Ji},
  title = {Image Segmentation with a Unified Graphical Model},
  journal = {IEEE Transactions on Pattern Analysis and Machine Intelligence (PAMI)},
  year = {2010},
  number = {8},
  month = {August},
  volume = {32},
  pages = {1406-1425},
  file = {zhang10image.pdf:zhang10image.pdf:PDF},
  owner = {jmaye},
  timestamp = {2010.08.04}
}

@INPROCEEDINGS{zhang10multi,
  author = {Min-Ling Zhang and Kun Zhang},
  title = {Multi-Label Learning by Exploiting Label Dependency},
  booktitle = {Proc. of the 16th ACM SIGKDD Conference on Knowledge Discovery and
	Data Mining (KDD)},
  year = {2010},
  file = {zhang10multi.pdf:zhang10multi.pdf:PDF},
  owner = {jmaye},
  timestamp = {2011.01.04}
}

@INPROCEEDINGS{zhang04extrinsic,
  author = {Zhang, Q. and Pless, R.},
  title = {Extrinsic calibration of a camera and laser range finder (improves
	camera calibration)},
  booktitle = {Proc. of the IEEE/RSJ International Conference on Intelligent Robots
	and Systems (IROS)},
  year = {2004},
  volume = {3},
  file = {zhang04extrinsic.pdf:zhang04extrinsic.pdf:PDF},
  pdf = {zhang04extrinsic.pdf}
}

@ARTICLE{zhang11extended,
  author = {Zhang Zhang and Tieniu Tan and Kaiqi Huang},
  title = {An Extended Grammar System for Learning and Recognizing Complex Visual
	Events},
  journal = {IEEE Transactions on Pattern Analysis and Machine Intelligence (PAMI)},
  year = {2011},
  number = {2},
  month = {February},
  volume = {33},
  pages = {240-255},
  file = {zhang11extended.pdf:zhang11extended.pdf:PDF},
  owner = {jmaye},
  timestamp = {2011.01.18}
}

@INPROCEEDINGS{zhao10scene,
  author = {Huijing Zhao and Yiming Liu and Xiaolong Zhu and Yipu Zhao and Hongbin
	Zha},
  title = {Scene Understanding in a Large Dynamic Environment through a Laser-based
	Sensing},
  booktitle = {Proc. of The IEEE International Conference on Robotics and Automation
	(ICRA)},
  year = {2010},
  month = {May},
  file = {zhao10scene.pdf:zhao10scene.pdf:PDF},
  owner = {jmaye},
  pdf = {zhao10scene.pdf},
  timestamp = {2010.03.09}
}

@INPROCEEDINGS{zhong10visual,
  author = {Bineng Zhong and Hongxun Yao and Sheng Chen and Rongrong Ji and Xiaotong
	Yuan and Shaohui Liu and Wen Gao},
  title = {Visual Tracking via Weakly Supervised Learning from Multiple Imperfect
	Oracles},
  booktitle = {Proc. of the 23nd IEEE Conference on Computer Vision and Pattern
	Recognition (CVPR)},
  year = {2010},
  file = {zhong10visual.pdf:zhong10visual.pdf:PDF},
  owner = {jmaye},
  timestamp = {2010.08.04}
}

@ARTICLE{zhu09unsupervised,
  author = {Long (Leo) Zhu and Yuanhao Chen and Alan Yuille},
  title = {Unsupervised Learning of Probabilistic Grammar-Markov Models for
	Object Categories},
  journal = {IEEE Transactions on Pattern Analysis and Machine Intelligence (PAMI)},
  year = {2009},
  number = {1},
  month = {January},
  volume = {31},
  pages = {114-128},
  file = {zhu09unsupervised.pdf:zhu09unsupervised.pdf:PDF},
  owner = {jmaye},
  pdf = {zhu09unsupervised.pdf},
  timestamp = {2010.03.11}
}

